3148 5004
113 436 118 446 ι
159 450 306 530 [233-23
310 450 345 530 6]
414 471 451 506 na
467 470 699 506 oncreamonmus
715 471 854 506 natrmosr
869 471 997 507 rnorassr
1192 447 1247 510 141
1269 444 1273 449 ’

202 631 232 688 3.
250 609 382 689 Regula
405 615 519 671 autem
534 628 629 689 'quae
652 609 715 671 sub
738 609 831 686 nulla
855 610 983 690 obligat
1005 609 1103 690 culpa
1125 609 1252 672 nullam

160 694 339 755 materiam
352 710 476 752 novam
490 690 570 753 facit
584 691 824 754 necessariam.
839 693 953 775 Quare
967 691 1055 754 actio
1068 711 1251 772 numquam

163 785 214 835 est
240 781 417 855 peccatum
444 773 523 854 quia
546 774 685 837 violatio
712 775 756 836 sit
783 779 933 855 regulae,
961 775 1008 838 ita
1034 784 1072 836 ut
1091 777 1148 854 per
1172 781 1251 836 sect

162 855 273 919 directe
295 858 488 919 nullatenus
515 877 575 938 per
601 857 794 938 hujusmodi
822 861 973 938 regulam
1001 862 1141 939 peccata
1167 857 1251 918 liant

163 939 404 1019 frequentiora.

204 1022 430 1084 Nihilominus
459 1020 605 1084 indirecte
636 1023 755 1084 exinde
792 1028 934 1104 possunt
964 1021 1081 1102 augeri
1111 1026 1250 1103 peccata

162 1103 315 1188 gravitate
330 1114 364 1164 et
387 1124 524 1167 nunraro.
553 1103 715 1167 Gravitatc
739 1105 887 1185 inquam,
913 1106 990 1183 quia
1006 1106 1123 1184 regula
1149 1103 1251 1165 lumen

165 1197 216 1248 est
248 1206 314 1267 quo
344 1187 522 1266 religiosus
554 1187 661 1267 magis
692 1189 726 1249 in
756 1187 954 1269 particulari
984 1186 1142 1269 perspicit
1173 1185 1250 1265 quid

163 1269 334 1332 honestati
351 1270 393 1330 sit
417 1277 682 1332 consentaneum
700 1269 728 1343 1;
755 1291 891 1348 numere,
916 1269 994 1350 quia
1021 1276 1118 1331 actus
1134 1270 1251 1349 regula

162 1351 391 1432 praescriptus
403 1351 474 1434 jam
491 1372 557 1413 non
574 1359 625 1413 est
641 1351 843 1421 indifferens,
863 1353 920 1415 sed
934 1351 1077 1433 positive
1093 1352 1201 1413 bonus
1216 1357 1251 1412 et

162 1434 377 1514 meritorius:
411 1436 444 1496 in
471 1455 537 1515 quo
564 1436 764 1516 negligendo
791 1435 888 1499 facile
916 1434 1063 1517 surrepit
1086 1433 1250 1514 quaedam

161 1517 248 1578 ratio
263 1516 412 1579 acediae.

203 1599 406 1664 236.11.1n
424 1604 601 1663 Praelato.
615 1599 725 1680 ¹Vigor
749 1601 887 1680 regulae
899 1600 953 1662 vel
973 1598 1125 1661 remissio
1148 1596 1250 1680 pluri·

163 1701 254 1744 mum
284 1681 463 1745 conferunt
487 1683 528 1744 ad
558 1703 737 1746 commune
763 1683 889 1744 bonum
919 1685 972 1745 vel
998 1682 1165 1744 damnum.
1201 1679 1250 1742 Illi

165 1767 352 1842 consulere,
376 1766 441 1827 hoc
458 1775 613 1828 avertere
631 1766 729 1828 debet
745 1770 919 1845 praelatus
934 1785 975 1828 ex
991 1765 1113 1826 offici0.
1137 1763 1251 1846 Quare

163 1848 319 1909 notabilis
350 1849 556 1929 negligentia
578 1849 611 1910 in
635 1848 866 1928 permittendis
889 1847 1080 1910 'defectibus
1102 1846 1250 1908 subdito-

162 1950 256 1992 rum:
273 1940 311 1991 ut
324 1931 362 2005 si,
380 1930 534 2010 quamvis
547 1931 649 1998 leves,
668 1931 780 2015 plures
793 1939 906 1991 tamen
919 1931 997 2006 sint,
1012 1940 1046 1992 et
1058 1929 1251 2010 hujusmodi

163 2015 218 2092 qui
241 2013 450 2092 disciplinam
474 2012 667 2076 notabiliter
695 2015 849 2075 relaxare
872 2016 1020 2088 valeant,
1046 2013 1078 2074 in
1101 2013 1173 2093 ipso
1199 2019 1250 2072 est

164 2095 279 2174 gravis
309 2098 417 2176 culpa.
450 2097 620 2179 Quocirca
650 2096 751 2158 etiam
782 2116 824 2157 ex
856 2095 966 2157 officio
996 2096 1028 2156 in
1059 2094 1249 2174 hujusmodi

164 2177 314 2239 defectus
327 2179 495 2258 inquirere
512 2179 623 2241 debet.
641 2180 718 2259 Ipsa
733 2186 847 2239 tamen
861 2178 940 2239 boni
957 2178 1144 2239 communis
1164 2177 1250 2237 ratio

163 2262 365 2340 expostulat,
394 2269 432 2322 ut
449 2262 544 2343 plura
562 2262 694 2323 noverit
717 2260 899 2341 prudenter
922 2261 1132 2323 dissimulare
1148 2263 1201 2318 vel
1217 2259 1249 2318 in

164 2341 276 2422 aptius
299 2352 432 2424 tempus
457 2344 657 2423 corrigenda
674 2363 861 2406 reservare.
889 2342 958 2406 Cfr.
982 2342 1068 2420 Piat,
1085 2359 1109 2403 1.
1126 2361 1158 2422 p.
1177 2360 1247 2420 233,

165 2423 308 2488 afferens
331 2427 530 2509 scriptores;
548 2427 754 2505 Lehmkuhl,
771 2443 795 2488 1.
814 2431 884 2505 518.

365 2600 561 2648 arnuncort.
585 2585 626 2650 tle
649 2583 778 2666 Requlae
801 2581 1044 2664 interpretatione

203 2728 293 2792 236.
321 2752 347 2792 ι.
377 2728 694 2810 interpretationem
723 2727 777 2789 hic
800 2726 1016 2806 intelligimus
1040 2745 1107 2786 non
1124 2724 1248 2786 nudam

160 2809 1247 2891 verborumdeclarationem‚sedpenitioremindagationemqua,

162 2910 203 2951 ex
217 2893 312 2953 varia
329 2895 595 2955 consideratione
612 2898 733 2956 mentis
750 2892 963 2974 legislatoris
981 2889 1247 2966 reidifficultatis,

164 2977 242 3042 ete,
260 2972 332 3051 ipsa
348 2975 398 3034 vis
416 2979 497 3055 legis
513 2986 590 3056 apte
607 2978 896 3038 circumscribitur
912 2986 944 3035 et
962 2973 1114 3053 pluribus
1130 2991 1248 3052 excep-

164 3051 309 3113 tionibus
337 3063 559 3133 temperatur.
588 3060 684 3141 Quod
702 3079 808 3138 genus
833 3056 1074 3136 interpretandi
1099 3056 1248 3136 pluribus

164 3141 257 3216 patet
273 3139 444 3198 erroribus
460 3139 588 3219 ipsique
603 3142 686 3219 legis
699 3140 867 3202 efficaciae
881 3158 945 3200 non
960 3139 1117 3218 exiguum
1138 3144 1249 3220 potest

130 3237 133 3240 ·
165 3215 285 3278 afferre
308 3219 556 3282 detrimentum.
583 3224 696 3306 Quare
723 3243 789 3301 quo
817 3222 934 3283 melius
961 3223 1170 3282 subducatur
1197 3223 1250 3281 lex

163 3298 375 3381 privatorum
388 3302 542 3380 arbitri0,
561 3324 627 3365 non
642 3325 720 3366 raro
734 3306 847 3366 caveri
859 3312 910 3365 est
924 3305 1059 3366 solitum
1074 3321 1114 3364 ne
1130 3302 1250 3364 fierent

162 3383 353 3464 hujusmodi
383 3387 528 3464 glossae.
547 3388 656 3464 Atque
674 3389 720 3447 ita
742 3389 844 3458 etiam
867 3387 1012 3466 religiosi
1036 3387 1077 3446 ad
1101 3404 1185 3464 quos
1209 3405 1250 3446 ex

163 3466 272 3528 officio
288 3467 523 3549 nonpertinet
541 3469 715 3530 declarare
742 3477 870 3530 statuta
887 3470 1053 3530 interdum
1071 3467 1248 3548 probiben-

163 3553 219 3608 tur
242 3569 284 3610 ne
307 3549 585 3631 interpretatione
617 3571 702 3631 quae
739 3571 759 3610 a
790 3550 903 3611 littera
933 3553 1068 3612 recedat
1094 3551 1249 3632 proprias

166 3628 432 3694 Constitutiones
449 3644 482 3693 et
499 3633 633 3714 regulas
648 3641 833 3694 extenuare
849 3633 1039 3694 videantur,

205 3735 234 3775 2.
253 3714 350 3796 Quod
366 3715 538 3797 sapienter
553 3736 627 3777 esse
643 3715 768 3777 factum
794 3715 890 3776 facile
907 3715 1082 3797 apparebit
1099 3715 1249 3777 conside-

164 3796 253 3857 ranti
270 3817 369 3877 quam
394 3815 494 3860 caute
516 3800 582 3861 huc
607 3799 674 3860 sint
699 3797 936 3859 transferenda
956 3819 1041 3876 quae
1057 3799 1097 3858 de
1120 3798 1249 3877 legibus

163 3877 196 3939 in
210 3880 404 3942 universum
419 3880 873 3963 interpretandistraduntur
885 3880 917 3940 in
931 3880 1104 3960 disciplina
1117 3881 1247 3942 morali.

204 3960 370 4042 Suprema
386 3966 474 4027 enim
491 3964 781 4046 interpretationis
795 3982 914 4023 norma
928 3962 1139 4023 efflorescere
1152 3962 1249 4024 debet

164 4062 205 4104 ex
216 4044 310 4125 justa
330 4047 566 4109 aestimatione
589 4049 668 4109 boni
693 4045 891 4117 communis,
910 4045 951 4104 ad
970 4045 1057 4123 quod
1073 4043 1181 4104 omnis
1198 4046 1250 4106 lex

111 4125 114 4131 ’
164 4144 206 4186 ex
227 4134 339 4188 mente
362 4129 565 4206 legislatoris
588 4139 640 4190 est
664 4129 849 4210 dirigenda.
875 4128 999 4209 Quare,
1025 4145 1086 4207 pro
1109 4125 1193 4185 falsa
1216 4134 1249 4187 et

165 4209 355 4272 adulterina
384 4211 541 4273 habenda
570 4219 621 4274 est
651 4213 760 4273 omnis
791 4213 983 4291 regularum
1014 4208 1248 4287 interpretatio

163 4309 249 4369 quae
276 4293 461 4374 Religionis
492 4294 715 4357 incolumitati
740 4297 792 4356 vel
822 4295 910 4355 bono
933 4294 1146 4354 adversetur.
1172 4288 1248 4370 Jam

194 4499 201 4534 ¹
214 4499 269 4548 Cfr.
282 4515 353 4561 quae
364 4502 512 4561 Apostolus
525 4501 558 4549 de
570 4502 628 4562 lege
640 4501 754 4560 antiqua
765 4498 876 4548 dicebat
887 4499 928 4558 lad
938 4500 1006 4548 Rom.
1016 4515 1038 4556 7,
1051 4502 1084 4557 7.)

1338 607 1380 656 Vel
1399 606 1464 657 indi-

1305 672 1371 715 recte.

1314 1589 1352 1634 De
1361 1589 1464 1638 acciden-

1307 1645 1351 1693 tali
1372 1649 1462 1704 obliga·

1304 1707 1367 1812 Lippa
1387 1707 1463 1754 Prur-

1303 2726 1366 2788 Quid
1372 2731 1465 2789 proprie

1304 2789 1441 2890 gagerprela·

1333 2983 1453 3044 Quaenam

1303 3048 1368 3101 saepe
1382 3045 1461 3089 vetita.

1331 3726 1438 3774 Prudens

1306 3784 1396 3840 regulae
1424 3787 1462 3831 in-

1306 3844 1448 3901 terpretatio.
