<?xml version="1.0" encoding="UTF-8"?>
<!DOCTYPE html PUBLIC "-//W3C//DTD XHTML 1.0 Transitional//EN"
    "http://www.w3.org/TR/xhtml1/DTD/xhtml1-transitional.dtd">
<html xmlns="http://www.w3.org/1999/xhtml" xml:lang="en" lang="en">
 <head>
  <title>
</title>
<meta http-equiv="Content-Type" content="text/html;charset=utf-8" />
  <meta name='ocr-system' content='tesseract 3.04.00' />
  <meta name='ocr-capabilities' content='ocr_page ocr_carea ocr_par ocr_line ocrx_word'/>
</head>
<body>
  <div class='ocr_page' id='page_1' title='image "./dereligiosisins00vermgoog_0046.png"; bbox 0 0 3148 5004; ppageno 0'>
   <div class='ocr_carea' id='block_1_1' title="bbox 152 447 1312 527">
    <p class='ocr_par' dir='ltr' id='par_1_1' title="bbox 152 447 1312 527">
     <span class='ocr_line' id='line_1_1' title="bbox 152 447 1312 527; baseline 0.003 -24"><span class='ocrx_word' id='word_1_1' title='bbox 152 447 281 527; x_wconf 81' lang='lat'><strong><em>[15-16]</em></strong></span> <span class='ocrx_word' id='word_1_2' title='bbox 318 469 355 503; x_wconf 80' lang='lat' dir='ltr'>nn</span> <span class='ocrx_word' id='word_1_3' title='bbox 370 468 474 503; x_wconf 81' lang='lat' dir='ltr'>srarus</span> <span class='ocrx_word' id='word_1_4' title='bbox 491 467 629 502; x_wconf 73' lang='lat' dir='ltr'>nemorosi</span> <span class='ocrx_word' id='word_1_5' title='bbox 647 468 780 511; x_wconf 75' lang='lat' dir='ltr'>nonnus,</span> <span class='ocrx_word' id='word_1_6' title='bbox 797 467 932 504; x_wconf 65' lang='lat' dir='ltr'>asarinus</span> <span class='ocrx_word' id='word_1_7' title='bbox 948 469 984 503; x_wconf 82' lang='lat' dir='ltr'>ar</span> <span class='ocrx_word' id='word_1_8' title='bbox 999 468 1074 503; x_wconf 83' lang='lat' dir='ltr'>onru</span> <span class='ocrx_word' id='word_1_9' title='bbox 1204 447 1235 506; x_wconf 85' lang='lat' dir='ltr'>ll</span> <span class='ocrx_word' id='word_1_10' title='bbox 1303 465 1312 482; x_wconf 78' lang='lat'>⁸</span> 
     </span>
    </p>
   </div>
   <div class='ocr_carea' id='block_1_2' title="bbox 83 601 1239 3162">
    <p class='ocr_par' dir='ltr' id='par_1_2' title="bbox 151 601 1239 766">
     <span class='ocr_line' id='line_1_2' title="bbox 152 601 1239 684; baseline -0.001 -17"><span class='ocrx_word' id='word_1_11' title='bbox 152 612 231 680; x_wconf 88' lang='lat' dir='ltr'>tem,</span> <span class='ocrx_word' id='word_1_12' title='bbox 249 623 349 684; x_wconf 90' lang='lat' dir='ltr'>quam</span> <span class='ocrx_word' id='word_1_13' title='bbox 371 604 426 664; x_wconf 88' lang='lat' dir='ltr'>vel</span> <span class='ocrx_word' id='word_1_14' title='bbox 442 601 545 664; x_wconf 88' lang='lat' dir='ltr'>tacite</span> <span class='ocrx_word' id='word_1_15' title='bbox 562 601 711 664; x_wconf 85' lang='lat' dir='ltr'>latentur</span> <span class='ocrx_word' id='word_1_16' title='bbox 735 604 757 680; x_wconf 85' lang='lat'>¹,</span> <span class='ocrx_word' id='word_1_17' title='bbox 775 605 831 665; x_wconf 89' lang='lat' dir='ltr'>vel</span> <span class='ocrx_word' id='word_1_18' title='bbox 846 622 966 684; x_wconf 91' lang='lat' dir='ltr'>parum</span> <span class='ocrx_word' id='word_1_19' title='bbox 984 604 1103 666; x_wconf 87' lang='lat' dir='ltr'>validis</span> <span class='ocrx_word' id='word_1_20' title='bbox 1119 603 1239 684; x_wconf 92' lang='lat' dir='ltr'>quibus</span> 
     </span>
     <span class='ocr_line' id='line_1_3' title="bbox 151 685 1075 766; baseline -0.004 -16"><span class='ocrx_word' id='word_1_21' title='bbox 151 693 294 750; x_wconf 90' lang='lat' dir='ltr'>utuntur</span> <span class='ocrx_word' id='word_1_22' title='bbox 310 685 519 766; x_wconf 84' lang='lat' dir='ltr'>argumentis</span> <span class='ocrx_word' id='word_1_23' title='bbox 537 686 789 752; x_wconf 88' lang='lat' dir='ltr'>convincuntur</span> <span class='ocrx_word' id='word_1_24' title='bbox 807 687 966 748; x_wconf 84' lang='lat' dir='ltr'>habuisse</span> <span class='ocrx_word' id='word_1_25' title='bbox 982 687 1007 748; x_wconf 89' lang='lat'>².</span> <span class='ocrx_word' id='word_1_26' title='bbox 1073 692 1075 700; x_wconf 81' lang='lat'><em>&#39;</em></span> 
     </span>
    </p>

    <p class='ocr_par' dir='ltr' id='par_1_3' title="bbox 149 767 1239 1179">
     <span class='ocr_line' id='line_1_4' title="bbox 191 767 1239 849; baseline -0.004 -17"><span class='ocrx_word' id='word_1_27' title='bbox 191 793 222 849; x_wconf 84' lang='lat'>3.</span> <span class='ocrx_word' id='word_1_28' title='bbox 253 769 299 832; x_wconf 94' lang='lat' dir='ltr'>Ut</span> <span class='ocrx_word' id='word_1_29' title='bbox 325 768 461 830; x_wconf 91' lang='lat' dir='ltr'>dubium</span> <span class='ocrx_word' id='word_1_30' title='bbox 492 767 582 828; x_wconf 90' lang='lat' dir='ltr'>istud</span> <span class='ocrx_word' id='word_1_31' title='bbox 613 769 838 842; x_wconf 83' lang='lat' dir='ltr'>enucleemus,</span> <span class='ocrx_word' id='word_1_32' title='bbox 870 776 1005 849; x_wconf 77' lang='lat' dir='ltr'>oportet</span> <span class='ocrx_word' id='word_1_33' title='bbox 1036 768 1128 848; x_wconf 90' lang='lat' dir='ltr'>prius</span> <span class='ocrx_word' id='word_1_34' title='bbox 1160 776 1239 829; x_wconf 90' lang='lat' dir='ltr'>ante</span> 
     </span>
     <span class='ocr_line' id='line_1_5' title="bbox 149 849 1239 931; baseline -0.004 -15"><span class='ocrx_word' id='word_1_35' title='bbox 149 854 269 916; x_wconf 92' lang='lat' dir='ltr'>oculos</span> <span class='ocrx_word' id='word_1_36' title='bbox 296 861 435 912; x_wconf 85' lang='lat' dir='ltr'>nostros</span> <span class='ocrx_word' id='word_1_37' title='bbox 463 849 669 912; x_wconf 90' lang='lat' dir='ltr'>constituere</span> <span class='ocrx_word' id='word_1_38' title='bbox 696 869 761 929; x_wconf 91' lang='lat' dir='ltr'>quo</span> <span class='ocrx_word' id='word_1_39' title='bbox 788 857 917 931; x_wconf 83' lang='lat' dir='ltr'>spectet</span> <span class='ocrx_word' id='word_1_40' title='bbox 946 851 1136 912; x_wconf 84' lang='lat' dir='ltr'>obedientia</span> <span class='ocrx_word' id='word_1_41' title='bbox 1163 852 1239 912; x_wconf 89' lang='lat' dir='ltr'>reli·</span> 
     </span>
     <span class='ocr_line' id='line_1_6' title="bbox 150 932 1238 1016; baseline -0.003 -19"><span class='ocrx_word' id='word_1_42' title='bbox 150 936 264 1016; x_wconf 80' lang='lat' dir='ltr'>glosa:</span> <span class='ocrx_word' id='word_1_43' title='bbox 289 953 375 1013; x_wconf 91' lang='lat' dir='ltr'>quae</span> <span class='ocrx_word' id='word_1_44' title='bbox 397 934 440 994; x_wconf 93' lang='lat' dir='ltr'>sit</span> <span class='ocrx_word' id='word_1_45' title='bbox 462 933 533 1014; x_wconf 86' lang='lat' dir='ltr'>ejus</span> <span class='ocrx_word' id='word_1_46' title='bbox 557 933 643 993; x_wconf 89' lang='lat' dir='ltr'>ratio</span> <span class='ocrx_word' id='word_1_47' title='bbox 666 933 866 1008; x_wconf 85' lang='lat' dir='ltr'>essentialis,</span> <span class='ocrx_word' id='word_1_48' title='bbox 884 941 917 994; x_wconf 88' lang='lat' dir='ltr'>et</span> <span class='ocrx_word' id='word_1_49' title='bbox 934 932 1011 1012; x_wconf 91' lang='lat' dir='ltr'>quid</span> <span class='ocrx_word' id='word_1_50' title='bbox 1027 933 1069 993; x_wconf 87' lang='lat' dir='ltr'>ad</span> <span class='ocrx_word' id='word_1_51' title='bbox 1092 953 1178 1008; x_wconf 89' lang='lat' dir='ltr'>eam,</span> <span class='ocrx_word' id='word_1_52' title='bbox 1195 933 1238 994; x_wconf 90' lang='lat' dir='ltr'>ob</span> 
     </span>
     <span class='ocr_line' id='line_1_7' title="bbox 152 1014 1239 1097; baseline -0.003 -18"><span class='ocrx_word' id='word_1_53' title='bbox 152 1024 280 1088; x_wconf 88' lang='lat' dir='ltr'>certam</span> <span class='ocrx_word' id='word_1_54' title='bbox 319 1015 494 1096; x_wconf 83' lang='lat' dir='ltr'>religiosae</span> <span class='ocrx_word' id='word_1_55' title='bbox 523 1014 717 1095; x_wconf 87' lang='lat' dir='ltr'>disciplinae</span> <span class='ocrx_word' id='word_1_56' title='bbox 734 1016 888 1092; x_wconf 83' lang='lat' dir='ltr'>formam,</span> <span class='ocrx_word' id='word_1_57' title='bbox 915 1015 1110 1077; x_wconf 86' lang='lat' dir='ltr'>accesserit.</span> <span class='ocrx_word' id='word_1_58' title='bbox 1142 1015 1239 1097; x_wconf 82' lang='lat' dir='ltr'>Quod</span> 
     </span>
     <span class='ocr_line' id='line_1_8' title="bbox 153 1097 1103 1179; baseline -0.002 -18"><span class='ocrx_word' id='word_1_59' title='bbox 153 1098 250 1162; x_wconf 92' lang='lat' dir='ltr'>nobis</span> <span class='ocrx_word' id='word_1_60' title='bbox 261 1097 395 1159; x_wconf 84' lang='lat' dir='ltr'>videtur</span> <span class='ocrx_word' id='word_1_61' title='bbox 410 1097 509 1158; x_wconf 89' lang='lat' dir='ltr'>nimis</span> <span class='ocrx_word' id='word_1_62' title='bbox 525 1097 739 1178; x_wconf 80' lang='lat' dir='ltr'>praeteriisse</span> <span class='ocrx_word' id='word_1_63' title='bbox 756 1099 868 1179; x_wconf 87' lang='lat' dir='ltr'>plures</span> <span class='ocrx_word' id='word_1_64' title='bbox 885 1097 1103 1159; x_wconf 76' lang='lat' dir='ltr'>recentiores</span> 
     </span>
    </p>

    <p class='ocr_par' dir='ltr' id='par_1_4' title="bbox 148 1179 1238 1674">
     <span class='ocr_line' id='line_1_9' title="bbox 193 1179 1238 1261; baseline -0.002 -18"><span class='ocrx_word' id='word_1_65' title='bbox 193 1184 265 1261; x_wconf 83' lang='lat' dir='ltr'>Age</span> <span class='ocrx_word' id='word_1_66' title='bbox 281 1199 375 1256; x_wconf 86' lang='lat' dir='ltr'>vern,</span> <span class='ocrx_word' id='word_1_67' title='bbox 398 1183 430 1259; x_wconf 90' lang='lat' dir='ltr'>a)</span> <span class='ocrx_word' id='word_1_68' title='bbox 448 1181 485 1242; x_wconf 91' lang='lat' dir='ltr'>Iu</span> <span class='ocrx_word' id='word_1_69' title='bbox 502 1180 569 1241; x_wconf 87' lang='lat' dir='ltr'>hoc</span> <span class='ocrx_word' id='word_1_70' title='bbox 594 1186 645 1241; x_wconf 87' lang='lat' dir='ltr'>est</span> <span class='ocrx_word' id='word_1_71' title='bbox 675 1181 784 1261; x_wconf 88' lang='lat' dir='ltr'>posita</span> <span class='ocrx_word' id='word_1_72' title='bbox 810 1182 938 1243; x_wconf 78' lang='lat' dir='ltr'>essentia</span> <span class='ocrx_word' id='word_1_73' title='bbox 961 1179 1146 1242; x_wconf 75' lang='lat' dir='ltr'>obedieutiae</span> <span class='ocrx_word' id='word_1_74' title='bbox 1167 1179 1238 1241; x_wconf 68' lang='lat' dir='ltr'>rali-</span> 
     </span>
     <span class='ocr_line' id='line_1_10' title="bbox 148 1263 1238 1348; baseline -0.003 -21"><span class='ocrx_word' id='word_1_75' title='bbox 148 1265 264 1348; x_wconf 79' lang='lat' dir='ltr'>gt&#39;osue‚</span> <span class='ocrx_word' id='word_1_76' title='bbox 288 1273 325 1324; x_wconf 90' lang='lat' dir='ltr'>ut</span> <span class='ocrx_word' id='word_1_77' title='bbox 341 1264 414 1343; x_wconf 89' lang='lat' dir='ltr'>quis</span> <span class='ocrx_word' id='word_1_78' title='bbox 441 1263 654 1324; x_wconf 86' lang='lat' dir='ltr'>hierarchiae</span> <span class='ocrx_word' id='word_1_79' title='bbox 671 1264 919 1326; x_wconf 89' lang='lat' dir='ltr'>ecclesiasticae</span> <span class='ocrx_word' id='word_1_80' title='bbox 944 1263 1143 1342; x_wconf 88' lang='lat' dir='ltr'>profiteatur</span> <span class='ocrx_word' id='word_1_81' title='bbox 1160 1264 1238 1324; x_wconf 90' lang='lat' dir='ltr'>obe·</span> 
     </span>
     <span class='ocr_line' id='line_1_11' title="bbox 152 1344 1238 1426; baseline -0.001 -18"><span class='ocrx_word' id='word_1_82' title='bbox 152 1347 323 1422; x_wconf 87' lang='lat' dir='ltr'>dientiam,</span> <span class='ocrx_word' id='word_1_83' title='bbox 352 1365 419 1406; x_wconf 91' lang='lat' dir='ltr'>non</span> <span class='ocrx_word' id='word_1_84' title='bbox 435 1345 467 1407; x_wconf 91' lang='lat' dir='ltr'>in</span> <span class='ocrx_word' id='word_1_85' title='bbox 491 1345 544 1406; x_wconf 90' lang='lat' dir='ltr'>his</span> <span class='ocrx_word' id='word_1_86' title='bbox 567 1353 699 1407; x_wconf 86' lang='lat' dir='ltr'>tanturn</span> <span class='ocrx_word' id='word_1_87' title='bbox 716 1365 799 1426; x_wconf 92' lang='lat' dir='ltr'>quae</span> <span class='ocrx_word' id='word_1_88' title='bbox 816 1345 964 1424; x_wconf 87' lang='lat' dir='ltr'>omnium</span> <span class='ocrx_word' id='word_1_89' title='bbox 987 1344 1133 1406; x_wconf 85' lang='lat' dir='ltr'>fidelium</span> <span class='ocrx_word' id='word_1_90' title='bbox 1159 1353 1238 1407; x_wconf 91' lang='lat' dir='ltr'>sunt</span> 
     </span>
     <span class='ocr_line' id='line_1_12' title="bbox 153 1427 1238 1510; baseline -0.002 -18"><span class='ocrx_word' id='word_1_91' title='bbox 153 1427 354 1504; x_wconf 88' lang='lat' dir='ltr'>communia,</span> <span class='ocrx_word' id='word_1_92' title='bbox 372 1429 430 1489; x_wconf 88' lang='lat' dir='ltr'>sed</span> <span class='ocrx_word' id='word_1_93' title='bbox 446 1429 547 1490; x_wconf 87' lang='lat' dir='ltr'>etiam</span> <span class='ocrx_word' id='word_1_94' title='bbox 566 1427 598 1489; x_wconf 93' lang='lat' dir='ltr'>in</span> <span class='ocrx_word' id='word_1_95' title='bbox 615 1427 654 1488; x_wconf 90' lang='lat' dir='ltr'>iis</span> <span class='ocrx_word' id='word_1_96' title='bbox 668 1448 753 1508; x_wconf 90' lang='lat' dir='ltr'>quae</span> <span class='ocrx_word' id='word_1_97' title='bbox 766 1437 922 1508; x_wconf 86' lang='lat' dir='ltr'>spectant</span> <span class='ocrx_word' id='word_1_98' title='bbox 937 1427 1147 1507; x_wconf 82' lang='lat' dir='ltr'>disciplinam</span> <span class='ocrx_word' id='word_1_99' title='bbox 1163 1447 1238 1510; x_wconf 90' lang='lat' dir='ltr'>per-</span> 
     </span>
     <span class='ocr_line' id='line_1_13' title="bbox 152 1510 1238 1593; baseline -0.002 -19"><span class='ocrx_word' id='word_1_100' title='bbox 152 1512 304 1574; x_wconf 86' lang='lat' dir='ltr'>fectiouis</span> <span class='ocrx_word' id='word_1_101' title='bbox 320 1531 398 1587; x_wconf 83' lang='lat' dir='ltr'>cum</span> <span class='ocrx_word' id='word_1_102' title='bbox 414 1512 604 1589; x_wconf 80' lang='lat' dir='ltr'>generalem</span> <span class='ocrx_word' id='word_1_103' title='bbox 621 1518 692 1572; x_wconf 89' lang='lat' dir='ltr'>tum</span> <span class='ocrx_word' id='word_1_104' title='bbox 709 1511 899 1593; x_wconf 82' lang='lat' dir='ltr'>specialem,</span> <span class='ocrx_word' id='word_1_105' title='bbox 918 1510 939 1571; x_wconf 92' lang='lat' dir='ltr'>i.</span> <span class='ocrx_word' id='word_1_106' title='bbox 957 1529 987 1571; x_wconf 88' lang='lat' dir='ltr'>e.</span> <span class='ocrx_word' id='word_1_107' title='bbox 1006 1513 1238 1572; x_wconf 90' lang='lat' dir='ltr'>accommoda-</span> 
     </span>
     <span class='ocr_line' id='line_1_14' title="bbox 152 1592 1190 1674; baseline -0.002 -18"><span class='ocrx_word' id='word_1_108' title='bbox 152 1601 222 1668; x_wconf 90' lang='lat' dir='ltr'>tam</span> <span class='ocrx_word' id='word_1_109' title='bbox 239 1594 281 1655; x_wconf 90' lang='lat' dir='ltr'>ad</span> <span class='ocrx_word' id='word_1_110' title='bbox 295 1594 464 1674; x_wconf 87' lang='lat' dir='ltr'>peculiare</span> <span class='ocrx_word' id='word_1_111' title='bbox 481 1592 569 1672; x_wconf 90' lang='lat' dir='ltr'>quod</span> <span class='ocrx_word' id='word_1_112' title='bbox 586 1593 726 1673; x_wconf 88' lang='lat' dir='ltr'>quisque</span> <span class='ocrx_word' id='word_1_113' title='bbox 740 1593 926 1674; x_wconf 86' lang='lat' dir='ltr'>susceperit</span> <span class='ocrx_word' id='word_1_114' title='bbox 938 1593 1029 1653; x_wconf 92' lang='lat' dir='ltr'>vitae</span> <span class='ocrx_word' id='word_1_115' title='bbox 1041 1612 1160 1672; x_wconf 76' lang='lat' dir='ltr'>genus</span> <span class='ocrx_word' id='word_1_116' title='bbox 1188 1617 1190 1622; x_wconf 95' lang='lat'>·</span> 
     </span>
    </p>

    <p class='ocr_par' dir='ltr' id='par_1_5' title="bbox 83 1675 1238 2089">
     <span class='ocr_line' id='line_1_15' title="bbox 192 1675 1238 1757; baseline 0 -19"><span class='ocrx_word' id='word_1_117' title='bbox 192 1677 291 1738; x_wconf 91' lang='lat' dir='ltr'>Hanc</span> <span class='ocrx_word' id='word_1_118' title='bbox 308 1695 381 1737; x_wconf 88' lang='lat' dir='ltr'>esse</span> <span class='ocrx_word' id='word_1_119' title='bbox 398 1675 625 1751; x_wconf 89' lang='lat' dir='ltr'>essentialem,</span> <span class='ocrx_word' id='word_1_120' title='bbox 640 1676 710 1757; x_wconf 88' lang='lat' dir='ltr'>jam</span> <span class='ocrx_word' id='word_1_121' title='bbox 724 1684 871 1752; x_wconf 90' lang='lat' dir='ltr'>constat,</span> <span class='ocrx_word' id='word_1_122' title='bbox 885 1686 955 1736; x_wconf 94' lang='lat' dir='ltr'>tum</span> <span class='ocrx_word' id='word_1_123' title='bbox 970 1675 1058 1755; x_wconf 90' lang='lat' dir='ltr'>quia,</span> <span class='ocrx_word' id='word_1_124' title='bbox 1073 1676 1238 1738; x_wconf 88' lang='lat' dir='ltr'>utstatim</span> 
     </span>
     <span class='ocr_line' id='line_1_16' title="bbox 148 1758 1238 1842; baseline 0.003 -25"><span class='ocrx_word' id='word_1_125' title='bbox 148 1759 312 1842; x_wconf 65' lang='lat' dir='ltr'>,dicemus</span> <span class='ocrx_word' id='word_1_126' title='bbox 341 1758 533 1820; x_wconf 89' lang='lat' dir='ltr'>necessario</span> <span class='ocrx_word' id='word_1_127' title='bbox 556 1759 775 1838; x_wconf 87' lang='lat' dir='ltr'>consequitur</span> <span class='ocrx_word' id='word_1_128' title='bbox 798 1758 1042 1821; x_wconf 88' lang='lat' dir='ltr'>iustitutionem</span> <span class='ocrx_word' id='word_1_129' title='bbox 1065 1759 1238 1821; x_wconf 89' lang='lat' dir='ltr'>Ecclesiae</span> 
     </span>
     <span class='ocr_line' id='line_1_17' title="bbox 148 1839 1238 1922; baseline 0 -20"><span class='ocrx_word' id='word_1_130' title='bbox 148 1842 284 1922; x_wconf 88' lang='lat' dir='ltr'>qualem</span> <span class='ocrx_word' id='word_1_131' title='bbox 310 1861 384 1903; x_wconf 90' lang='lat' dir='ltr'>cam</span> <span class='ocrx_word' id='word_1_132' title='bbox 407 1840 525 1902; x_wconf 85' lang='lat' dir='ltr'>fecerit</span> <span class='ocrx_word' id='word_1_133' title='bbox 552 1839 718 1920; x_wconf 72' lang='lat' dir='ltr'>Christus</span> <span class='ocrx_word' id='word_1_134' title='bbox 749 1849 819 1902; x_wconf 92' lang='lat' dir='ltr'>turn</span> <span class='ocrx_word' id='word_1_135' title='bbox 848 1841 925 1921; x_wconf 90' lang='lat' dir='ltr'>quia</span> <span class='ocrx_word' id='word_1_136' title='bbox 953 1840 1037 1902; x_wconf 88' lang='lat' dir='ltr'>haec</span> <span class='ocrx_word' id='word_1_137' title='bbox 1066 1861 1133 1902; x_wconf 89' lang='lat' dir='ltr'>una</span> <span class='ocrx_word' id='word_1_138' title='bbox 1150 1841 1238 1906; x_wconf 88' lang='lat' dir='ltr'>ratio</span> 
     </span>
     <span class='ocr_line' id='line_1_18' title="bbox 83 1923 1238 2007; baseline 0.003 -27"><span class='ocrx_word' id='word_1_139' title='bbox 83 1973 87 1980; x_wconf 89' lang='lat'>.</span> <span class='ocrx_word' id='word_1_140' title='bbox 149 1923 298 1986; x_wconf 88' lang='lat' dir='ltr'>exerceri</span> <span class='ocrx_word' id='word_1_141' title='bbox 315 1925 426 2007; x_wconf 91' lang='lat' dir='ltr'>potuit</span> <span class='ocrx_word' id='word_1_142' title='bbox 441 1925 483 1986; x_wconf 55' lang='lat' dir='ltr'>in*</span> <span class='ocrx_word' id='word_1_143' title='bbox 499 1923 588 1984; x_wconf 89' lang='lat' dir='ltr'>omni</span> <span class='ocrx_word' id='word_1_144' title='bbox 611 1931 722 1985; x_wconf 89' lang='lat' dir='ltr'>aetate</span> <span class='ocrx_word' id='word_1_145' title='bbox 746 1931 779 1985; x_wconf 94' lang='lat' dir='ltr'>et</span> <span class='ocrx_word' id='word_1_146' title='bbox 803 1924 892 1985; x_wconf 93' lang='lat' dir='ltr'>omni</span> <span class='ocrx_word' id='word_1_147' title='bbox 909 1943 1032 2005; x_wconf 86' lang='lat' dir='ltr'>genere</span> <span class='ocrx_word' id='word_1_148' title='bbox 1048 1925 1138 1985; x_wconf 90' lang='lat' dir='ltr'>vitae</span> <span class='ocrx_word' id='word_1_149' title='bbox 1163 1923 1238 1986; x_wconf 91' lang='lat' dir='ltr'>reli-</span> 
     </span>
     <span class='ocr_line' id='line_1_19' title="bbox 149 2006 667 2089; baseline -0.006 -19"><span class='ocrx_word' id='word_1_150' title='bbox 149 2006 305 2087; x_wconf 82' lang='lat' dir='ltr'>giosae³.</span> <span class='ocrx_word' id='word_1_151' title='bbox 664 2081 667 2089; x_wconf 30' lang='grc' dir='ltr'>Ι</span> 
     </span>
    </p>

    <p class='ocr_par' dir='ltr' id='par_1_6' title="bbox 153 2086 1238 2502">
     <span class='ocr_line' id='line_1_20' title="bbox 190 2086 1237 2166; baseline -0.002 -16"><span class='ocrx_word' id='word_1_152' title='bbox 190 2090 223 2164; x_wconf 92' lang='lat' dir='ltr'>b)</span> <span class='ocrx_word' id='word_1_153' title='bbox 239 2090 381 2165; x_wconf 88' lang='lat' dir='ltr'>Inducta</span> <span class='ocrx_word' id='word_1_154' title='bbox 393 2095 508 2166; x_wconf 89' lang='lat' dir='ltr'>autem</span> <span class='ocrx_word' id='word_1_155' title='bbox 525 2086 631 2148; x_wconf 86' lang='lat' dir='ltr'>forma</span> <span class='ocrx_word' id='word_1_156' title='bbox 648 2088 738 2149; x_wconf 90' lang='lat' dir='ltr'>vitae</span> <span class='ocrx_word' id='word_1_157' title='bbox 762 2088 1001 2166; x_wconf 86' lang='lat' dir='ltr'>coenobiticae,</span> <span class='ocrx_word' id='word_1_158' title='bbox 1024 2107 1102 2149; x_wconf 84' lang='lat' dir='ltr'>mox</span> <span class='ocrx_word' id='word_1_159' title='bbox 1123 2107 1237 2149; x_wconf 85' lang='lat' dir='ltr'>acces-</span> 
     </span>
     <span class='ocr_line' id='line_1_21' title="bbox 153 2171 1238 2246; baseline 0 -14"><span class='ocrx_word' id='word_1_160' title='bbox 153 2171 198 2232; x_wconf 89' lang='lat' dir='ltr'>sit</span> <span class='ocrx_word' id='word_1_161' title='bbox 234 2191 293 2232; x_wconf 88' lang='lat' dir='ltr'>seu</span> <span class='ocrx_word' id='word_1_162' title='bbox 330 2173 449 2232; x_wconf 89' lang='lat' dir='ltr'>saltem</span> <span class='ocrx_word' id='word_1_163' title='bbox 484 2171 593 2232; x_wconf 88' lang='lat' dir='ltr'>evasit</span> <span class='ocrx_word' id='word_1_164' title='bbox 628 2171 827 2233; x_wconf 82' lang='lat' dir='ltr'>universalis</span> <span class='ocrx_word' id='word_1_165' title='bbox 850 2173 859 2207; x_wconf 79' lang='lat'>⁴</span> <span class='ocrx_word' id='word_1_166' title='bbox 884 2173 968 2246; x_wconf 84' lang='lat' dir='ltr'>haec</span> <span class='ocrx_word' id='word_1_167' title='bbox 1007 2173 1115 2230; x_wconf 88' lang='lat' dir='ltr'>altera</span> <span class='ocrx_word' id='word_1_168' title='bbox 1150 2172 1238 2232; x_wconf 91' lang='lat' dir='ltr'>ratio</span> 
     </span>
     <span class='ocr_line' id='line_1_22' title="bbox 155 2253 1236 2334; baseline -0.003 -19"><span class='ocrx_word' id='word_1_169' title='bbox 155 2253 377 2329; x_wconf 83' lang='lat' dir='ltr'>obedientiae,</span> <span class='ocrx_word' id='word_1_170' title='bbox 402 2273 468 2332; x_wconf 89' lang='lat' dir='ltr'>qua</span> <span class='ocrx_word' id='word_1_171' title='bbox 493 2253 578 2332; x_wconf 84' lang='lat' dir='ltr'>quis,</span> <span class='ocrx_word' id='word_1_172' title='bbox 605 2253 760 2314; x_wconf 91' lang='lat' dir='ltr'>abdicato</span> <span class='ocrx_word' id='word_1_173' title='bbox 778 2255 937 2333; x_wconf 84' lang='lat' dir='ltr'>regimine</span> <span class='ocrx_word' id='word_1_174' title='bbox 962 2255 1118 2334; x_wconf 90' lang='lat' dir='ltr'>propriae</span> <span class='ocrx_word' id='word_1_175' title='bbox 1134 2253 1236 2329; x_wconf 86' lang='lat' dir='ltr'>vitae,</span> 
     </span>
     <span class='ocr_line' id='line_1_23' title="bbox 155 2335 1238 2416; baseline 0.001 -20"><span class='ocrx_word' id='word_1_176' title='bbox 155 2355 193 2396; x_wconf 87' lang='lat' dir='ltr'>se</span> <span class='ocrx_word' id='word_1_177' title='bbox 224 2335 394 2415; x_wconf 88' lang='lat' dir='ltr'>mancipat</span> <span class='ocrx_word' id='word_1_178' title='bbox 410 2347 442 2398; x_wconf 88' lang='lat' dir='ltr'>et</span> <span class='ocrx_word' id='word_1_179' title='bbox 466 2335 568 2397; x_wconf 87' lang='lat' dir='ltr'>tradit</span> <span class='ocrx_word' id='word_1_180' title='bbox 600 2355 629 2414; x_wconf 85' lang='lat' dir='ltr'>pr</span> <span class='ocrx_word' id='word_1_181' title='bbox 640 2335 751 2398; x_wconf 90' lang='lat' dir='ltr'>ivatae</span> <span class='ocrx_word' id='word_1_182' title='bbox 781 2345 814 2397; x_wconf 90' lang='lat' dir='ltr'>et</span> <span class='ocrx_word' id='word_1_183' title='bbox 844 2337 1047 2398; x_wconf 88' lang='lat' dir='ltr'>domesticae</span> <span class='ocrx_word' id='word_1_184' title='bbox 1078 2335 1238 2416; x_wconf 87' lang='lat' dir='ltr'>potestati</span> 
     </span>
     <span class='ocr_line' id='line_1_24' title="bbox 157 2416 1181 2502; baseline 0.002 -24"><span class='ocrx_word' id='word_1_185' title='bbox 157 2416 340 2502; x_wconf 89' lang='lat' dir='ltr'>superioris</span> <span class='ocrx_word' id='word_1_186' title='bbox 356 2436 421 2496; x_wconf 91' lang='lat' dir='ltr'>quo</span> <span class='ocrx_word' id='word_1_187' title='bbox 437 2418 544 2480; x_wconf 92' lang='lat' dir='ltr'>utitur</span> <span class='ocrx_word' id='word_1_188' title='bbox 556 2429 726 2498; x_wconf 89' lang='lat' dir='ltr'>tamquam</span> <span class='ocrx_word' id='word_1_189' title='bbox 743 2427 837 2501; x_wconf 87' lang='lat' dir='ltr'>patre</span> <span class='ocrx_word' id='word_1_190' title='bbox 854 2428 888 2480; x_wconf 95' lang='lat' dir='ltr'>et</span> <span class='ocrx_word' id='word_1_191' title='bbox 903 2417 1069 2501; x_wconf 88' lang='lat' dir='ltr'>spirituali</span> <span class='ocrx_word' id='word_1_192' title='bbox 1084 2419 1181 2480; x_wconf 90' lang='lat' dir='ltr'>duce.</span> 
     </span>
    </p>

    <p class='ocr_par' dir='ltr' id='par_1_7' title="bbox 146 2499 1238 3162">
     <span class='ocr_line' id='line_1_25' title="bbox 149 2499 1218 2582; baseline 0.001 -23"><span class='ocrx_word' id='word_1_193' title='bbox 149 2568 151 2572; x_wconf 18' lang='grc' dir='ltr'>ι</span> <span class='ocrx_word' id='word_1_194' title='bbox 196 2499 366 2582; x_wconf 85' lang='lat' dir='ltr'>Jamver0‚</span> <span class='ocrx_word' id='word_1_195' title='bbox 1213 2551 1218 2560; x_wconf 93' lang='lat'>.</span> 
     </span>
     <span class='ocr_line' id='line_1_26' title="bbox 151 2582 1237 2666; baseline 0.004 -24"><span class='ocrx_word' id='word_1_196' title='bbox 151 2653 153 2656; x_wconf 23' lang='lat'>¹</span> <span class='ocrx_word' id='word_1_197' title='bbox 193 2584 227 2660; x_wconf 82' lang='lat' dir='ltr'>a)</span> <span class='ocrx_word' id='word_1_198' title='bbox 245 2582 429 2644; x_wconf 77' lang='lat' dir='ltr'>Essentr&#39;alr&#39;s</span> <span class='ocrx_word' id='word_1_199' title='bbox 444 2583 524 2646; x_wconf 79' lang='lat' dir='ltr'>ratio</span> <span class='ocrx_word' id='word_1_200' title='bbox 546 2583 755 2645; x_wconf 90' lang='lat' dir='ltr'>obedieutiae</span> <span class='ocrx_word' id='word_1_201' title='bbox 774 2583 870 2646; x_wconf 85' lang='lat' dir='ltr'>facile</span> <span class='ocrx_word' id='word_1_202' title='bbox 888 2585 1095 2666; x_wconf 86' lang='lat' dir='ltr'>depromitur</span> <span class='ocrx_word' id='word_1_203' title='bbox 1111 2604 1151 2645; x_wconf 84' lang='lat' dir='ltr'>ex</span> <span class='ocrx_word' id='word_1_204' title='bbox 1168 2605 1237 2646; x_wconf 95' lang='lat' dir='ltr'>mo·</span> 
     </span>
     <span class='ocr_line' id='line_1_27' title="bbox 152 2664 1237 2748; baseline 0.003 -23"><span class='ocrx_word' id='word_1_205' title='bbox 152 2664 322 2726; x_wconf 87' lang='lat' dir='ltr'>humentis</span> <span class='ocrx_word' id='word_1_206' title='bbox 346 2666 562 2746; x_wconf 78' lang='lat' dir='ltr'>evangelicis.</span> <span class='ocrx_word' id='word_1_207' title='bbox 592 2667 675 2748; x_wconf 88' lang='lat' dir='ltr'>Ipsis</span> <span class='ocrx_word' id='word_1_208' title='bbox 699 2666 787 2727; x_wconf 89' lang='lat' dir='ltr'>euim</span> <span class='ocrx_word' id='word_1_209' title='bbox 811 2667 923 2728; x_wconf 91' lang='lat' dir='ltr'>verbis</span> <span class='ocrx_word' id='word_1_210' title='bbox 940 2669 1062 2748; x_wconf 88' lang='lat' dir='ltr'>quibus</span> <span class='ocrx_word' id='word_1_211' title='bbox 1080 2667 1237 2729; x_wconf 89' lang='lat' dir='ltr'>Christus</span> 
     </span>
     <span class='ocr_line' id='line_1_28' title="bbox 146 2746 1237 2830; baseline 0.003 -22"><span class='ocrx_word' id='word_1_212' title='bbox 146 2746 242 2809; x_wconf 81' lang='lat' dir='ltr'>&#39;misit</span> <span class='ocrx_word' id='word_1_213' title='bbox 261 2751 442 2830; x_wconf 87' lang='lat' dir='ltr'>Apostolos</span> <span class='ocrx_word' id='word_1_214' title='bbox 459 2768 553 2810; x_wconf 88' lang='lat' dir='ltr'>suos:</span> <span class='ocrx_word' id='word_1_215' title='bbox 572 2775 585 2802; x_wconf 88' lang='lat'>&lt;‹</span> <span class='ocrx_word' id='word_1_216' title='bbox 599 2751 730 2811; x_wconf 89' lang='lat' dir='ltr'>Docete</span> <span class='ocrx_word' id='word_1_217' title='bbox 742 2769 857 2811; x_wconf 91' lang='lat' dir='ltr'>omnes</span> <span class='ocrx_word' id='word_1_218' title='bbox 870 2760 988 2830; x_wconf 86' lang='lat' dir='ltr'>gentes</span> <span class='ocrx_word' id='word_1_219' title='bbox 1004 2752 1163 2812; x_wconf 91' lang='lat' dir='ltr'>docentes</span> <span class='ocrx_word' id='word_1_220' title='bbox 1179 2769 1237 2812; x_wconf 91' lang='lat' dir='ltr'>eos</span> 
     </span>
     <span class='ocr_line' id='line_1_29' title="bbox 148 2833 1237 2913; baseline 0.005 -23"><span class='ocrx_word' id='word_1_221' title='bbox 148 2849 290 2892; x_wconf 89' lang='lat' dir='ltr'>servare</span> <span class='ocrx_word' id='word_1_222' title='bbox 316 2833 428 2892; x_wconf 91' lang='lat' dir='ltr'>omnia</span> <span class='ocrx_word' id='word_1_223' title='bbox 455 2850 686 2911; x_wconf 89' lang='lat' dir='ltr'>quaecumque</span> <span class='ocrx_word' id='word_1_224' title='bbox 711 2833 866 2893; x_wconf 86' lang='lat' dir='ltr'>mandavi</span> <span class='ocrx_word' id='word_1_225' title='bbox 892 2833 1026 2911; x_wconf 80' lang='lat' dir='ltr'>vobis⁵‚</span> <span class='ocrx_word' id='word_1_226' title='bbox 1048 2834 1237 2913; x_wconf 84' lang='lat' dir='ltr'>»deditque</span> 
     </span>
     <span class='ocr_line' id='line_1_30' title="bbox 150 2905 1238 2994; baseline 0.003 -21"><span class='ocrx_word' id='word_1_227' title='bbox 150 2911 199 2973; x_wconf 88' lang='lat' dir='ltr'>eis</span> <span class='ocrx_word' id='word_1_228' title='bbox 225 2920 429 2994; x_wconf 88' lang='lat' dir='ltr'>potestatem</span> <span class='ocrx_word' id='word_1_229' title='bbox 456 2914 579 2994; x_wconf 88' lang='lat' dir='ltr'>ligandi</span> <span class='ocrx_word' id='word_1_230' title='bbox 605 2921 638 2976; x_wconf 91' lang='lat' dir='ltr'>et</span> <span class='ocrx_word' id='word_1_231' title='bbox 666 2915 817 2977; x_wconf 82' lang='lat' dir='ltr'>solvendi</span> <span class='ocrx_word' id='word_1_232' title='bbox 842 2905 866 2990; x_wconf 80' lang='lat'>⁶,</span> <span class='ocrx_word' id='word_1_233' title='bbox 895 2915 1038 2978; x_wconf 86' lang='lat' dir='ltr'>efficitur</span> <span class='ocrx_word' id='word_1_234' title='bbox 1063 2916 1238 2978; x_wconf 86' lang='lat' dir='ltr'>Ecclesiae</span> 
     </span>
     <span class='ocr_line' id='line_1_31' title="bbox 149 2996 1237 3080; baseline 0.002 -24"><span class='ocrx_word' id='word_1_235' title='bbox 149 3002 340 3076; x_wconf 88' lang='lat' dir='ltr'>competere</span> <span class='ocrx_word' id='word_1_236' title='bbox 354 2996 585 3076; x_wconf 87' lang='lat' dir='ltr'>magisterium</span> <span class='ocrx_word' id='word_1_237' title='bbox 599 2998 815 3077; x_wconf 84' lang='lat' dir='ltr'>conjunctum</span> <span class='ocrx_word' id='word_1_238' title='bbox 830 2998 980 3080; x_wconf 91' lang='lat' dir='ltr'>imperi0,</span> <span class='ocrx_word' id='word_1_239' title='bbox 992 3019 1057 3078; x_wconf 91' lang='lat' dir='ltr'>quo</span> <span class='ocrx_word' id='word_1_240' title='bbox 1072 3006 1105 3059; x_wconf 94' lang='lat' dir='ltr'>et</span> <span class='ocrx_word' id='word_1_241' title='bbox 1118 3000 1237 3060; x_wconf 91' lang='lat' dir='ltr'>docere</span> 
     </span>
     <span class='ocr_line' id='line_1_32' title="bbox 151 3080 1238 3162; baseline 0.003 -23"><span class='ocrx_word' id='word_1_242' title='bbox 151 3080 242 3139; x_wconf 88' lang='lat' dir='ltr'>valet</span> <span class='ocrx_word' id='word_1_243' title='bbox 261 3097 326 3139; x_wconf 90' lang='lat' dir='ltr'>non</span> <span class='ocrx_word' id='word_1_244' title='bbox 351 3080 468 3140; x_wconf 82' lang='lat' dir='ltr'>santis</span> <span class='ocrx_word' id='word_1_245' title='bbox 485 3087 629 3154; x_wconf 40' lang='lat' dir='ltr'>,tautum</span> <span class='ocrx_word' id='word_1_246' title='bbox 646 3081 703 3141; x_wconf 89' lang='lat' dir='ltr'>sed</span> <span class='ocrx_word' id='word_1_247' title='bbox 720 3082 822 3144; x_wconf 87' lang='lat' dir='ltr'>etiarn</span> <span class='ocrx_word' id='word_1_248' title='bbox 839 3082 1055 3162; x_wconf 79' lang='lat' dir='ltr'>perfectionis</span> <span class='ocrx_word' id='word_1_249' title='bbox 1068 3083 1189 3158; x_wconf 88' lang='lat' dir='ltr'>media,</span> <span class='ocrx_word' id='word_1_250' title='bbox 1205 3091 1238 3142; x_wconf 93' lang='lat' dir='ltr'>et</span> 
     </span>
    </p>
   </div>
   <div class='ocr_carea' id='block_1_3' title="bbox 147 3285 1238 4330">
    <p class='ocr_par' dir='ltr' id='par_1_8' title="bbox 151 3285 1238 3460">
     <span class='ocr_line' id='line_1_33' title="bbox 181 3285 1238 3346; baseline -0.003 -10"><span class='ocrx_word' id='word_1_251' title='bbox 181 3291 189 3324; x_wconf 84' lang='lat'>1</span> <span class='ocrx_word' id='word_1_252' title='bbox 207 3290 249 3336; x_wconf 86' lang='lat' dir='ltr'>lta</span> <span class='ocrx_word' id='word_1_253' title='bbox 259 3304 284 3336; x_wconf 90' lang='lat' dir='ltr'>v.</span> <span class='ocrx_word' id='word_1_254' title='bbox 298 3303 335 3344; x_wconf 89' lang='lat' dir='ltr'>gr.</span> <span class='ocrx_word' id='word_1_255' title='bbox 348 3302 402 3336; x_wconf 91' lang='lat' dir='ltr'>von</span> <span class='ocrx_word' id='word_1_256' title='bbox 420 3287 533 3337; x_wconf 88' lang='lat' dir='ltr'>Scherer</span> <span class='ocrx_word' id='word_1_257' title='bbox 544 3302 606 3335; x_wconf 90' lang='lat' dir='ltr'>cum</span> <span class='ocrx_word' id='word_1_258' title='bbox 618 3287 715 3336; x_wconf 88' lang='lat' dir='ltr'>scribit</span> <span class='ocrx_word' id='word_1_259' title='bbox 727 3306 736 3332; x_wconf 79' lang='lat' dir='ltr'>r</span> <span class='ocrx_word' id='word_1_260' title='bbox 749 3288 800 3334; x_wconf 89' lang='lat' dir='ltr'>Die</span> <span class='ocrx_word' id='word_1_261' title='bbox 811 3294 918 3346; x_wconf 75' lang='lat' dir='ltr'>spatiere</span> <span class='ocrx_word' id='word_1_262' title='bbox 930 3287 1087 3335; x_wconf 86' lang='lat' dir='ltr'>christliche</span> <span class='ocrx_word' id='word_1_263' title='bbox 1098 3287 1179 3334; x_wconf 86' lang='lat' dir='ltr'>Ethik</span> <span class='ocrx_word' id='word_1_264' title='bbox 1190 3285 1238 3334; x_wconf 90' lang='lat' dir='ltr'>hat</span> 
     </span>
     <span class='ocr_line' id='line_1_34' title="bbox 151 3344 1233 3406; baseline -0.005 -11"><span class='ocrx_word' id='word_1_265' title='bbox 151 3345 340 3404; x_wconf 85' lang='lat' dir='ltr'>drei-solcher</span> <span class='ocrx_word' id='word_1_266' title='bbox 365 3345 568 3406; x_wconf 80' lang='lat' dir='ltr'>evangeliscber</span> <span class='ocrx_word' id='word_1_267' title='bbox 588 3347 683 3394; x_wconf 75' lang='lat' dir='ltr'>&#39;Ratbe</span> <span class='ocrx_word' id='word_1_268' title='bbox 713 3346 883 3406; x_wconf 82' lang='lat' dir='ltr'>autgestellt:</span> <span class='ocrx_word' id='word_1_269' title='bbox 920 3345 1080 3400; x_wconf 88' lang='lat' dir='ltr'>Gehorsam,</span> <span class='ocrx_word' id='word_1_270' title='bbox 1108 3344 1233 3396; x_wconf 87' lang='lat' dir='ltr'>Armuth,</span> 
     </span>
     <span class='ocr_line' id='line_1_35' title="bbox 154 3403 569 3460; baseline 0 -9"><span class='ocrx_word' id='word_1_271' title='bbox 154 3403 328 3452; x_wconf 90' lang='lat' dir='ltr'>Keuschheit.</span> <span class='ocrx_word' id='word_1_272' title='bbox 345 3405 475 3460; x_wconf 62' lang='lat' dir='ltr'>»Laut</span> <span class='ocrx_word' id='word_1_273' title='bbox 491 3422 539 3460; x_wconf 81' lang='lat'>144,</span> <span class='ocrx_word' id='word_1_274' title='bbox 552 3419 569 3451; x_wconf 90' lang='lat'>1·.</span> 
     </span>
    </p>

    <p class='ocr_par' dir='ltr' id='par_1_9' title="bbox 147 3457 1238 4274">
     <span class='ocr_line' id='line_1_36' title="bbox 178 3457 1236 3523; baseline -0.003 -15"><span class='ocrx_word' id='word_1_275' title='bbox 178 3465 189 3498; x_wconf 72' lang='lat'><strong>2</strong></span> <span class='ocrx_word' id='word_1_276' title='bbox 205 3463 236 3508; x_wconf 93' lang='lat' dir='ltr'>V.</span> <span class='ocrx_word' id='word_1_277' title='bbox 250 3477 288 3522; x_wconf 88' lang='lat' dir='ltr'>gr.</span> <span class='ocrx_word' id='word_1_278' title='bbox 302 3476 430 3509; x_wconf 90' lang='lat' dir='ltr'>mancum</span> <span class='ocrx_word' id='word_1_279' title='bbox 446 3475 471 3508; x_wconf 87' lang='lat' dir='ltr'>et</span> <span class='ocrx_word' id='word_1_280' title='bbox 488 3462 647 3509; x_wconf 86' lang='lat' dir='ltr'>inchoatum</span> <span class='ocrx_word' id='word_1_281' title='bbox 663 3459 871 3520; x_wconf 51' lang='lat' dir='ltr'>quodammodo¹</span> <span class='ocrx_word' id='word_1_282' title='bbox 881 3457 962 3523; x_wconf 80' lang='lat' dir='ltr'>nobis</span> <span class='ocrx_word' id='word_1_283' title='bbox 974 3459 1081 3516; x_wconf 86' lang='lat' dir='ltr'>videtur</span> <span class='ocrx_word' id='word_1_284' title='bbox 1094 3473 1236 3516; x_wconf 87' lang='lat' dir='ltr'>argumen-</span> 
     </span>
     <span class='ocr_line' id='line_1_37' title="bbox 149 3517 1237 3581; baseline -0.002 -15"><span class='ocrx_word' id='word_1_285' title='bbox 149 3525 210 3566; x_wconf 87' lang='lat' dir='ltr'>tum</span> <span class='ocrx_word' id='word_1_286' title='bbox 220 3520 293 3578; x_wconf 91' lang='lat' dir='ltr'>quod</span> <span class='ocrx_word' id='word_1_287' title='bbox 310 3521 401 3578; x_wconf 85' lang='lat' dir='ltr'>plures</span> <span class='ocrx_word' id='word_1_288' title='bbox 419 3519 608 3567; x_wconf 82' lang='lat' dir='ltr'>afferuntexS</span> <span class='ocrx_word' id='word_1_289' title='bbox 629 3520 720 3565; x_wconf 83' lang='lat' dir='ltr'>Muttlr.</span> <span class='ocrx_word' id='word_1_290' title='bbox 735 3532 758 3565; x_wconf 95' lang='lat' dir='ltr'>c.</span> <span class='ocrx_word' id='word_1_291' title='bbox 775 3527 809 3572; x_wconf 84' lang='lat'>16,</span> <span class='ocrx_word' id='word_1_292' title='bbox 824 3525 844 3574; x_wconf 73' lang='lat' dir='ltr'>i.</span> <span class='ocrx_word' id='word_1_293' title='bbox 860 3535 895 3581; x_wconf 65' lang='lat'>24-</span> <span class='ocrx_word' id='word_1_294' title='bbox 912 3535 920 3561; x_wconf 80' lang='lat' dir='ltr'>r</span> <span class='ocrx_word' id='word_1_295' title='bbox 935 3519 962 3565; x_wconf 87' lang='lat' dir='ltr'>St</span> <span class='ocrx_word' id='word_1_296' title='bbox 975 3517 1037 3580; x_wconf 83' lang='lat' dir='ltr'>quis¹</span> <span class='ocrx_word' id='word_1_297' title='bbox 1048 3517 1105 3564; x_wconf 88' lang='lat' dir='ltr'>vult</span> <span class='ocrx_word' id='word_1_298' title='bbox 1122 3523 1184 3575; x_wconf 89' lang='lat' dir='ltr'>post</span> <span class='ocrx_word' id='word_1_299' title='bbox 1195 3531 1237 3564; x_wconf 91' lang='lat' dir='ltr'>me</span> 
     </span>
     <span class='ocr_line' id='line_1_38' title="bbox 150 3573 1235 3636; baseline -0.001 -13"><span class='ocrx_word' id='word_1_300' title='bbox 150 3577 243 3625; x_wconf 89' lang='lat' dir='ltr'>venire</span> <span class='ocrx_word' id='word_1_301' title='bbox 261 3576 376 3632; x_wconf 79' lang='lat' dir='ltr'>abneget</span> <span class='ocrx_word' id='word_1_302' title='bbox 396 3577 583 3636; x_wconf 88' lang='lat' dir='ltr'>semetipsum,</span> <span class='ocrx_word' id='word_1_303' title='bbox 606 3585 682 3623; x_wconf 70' lang='lat' dir='ltr'>etc.»</span> <span class='ocrx_word' id='word_1_304' title='bbox 707 3575 832 3622; x_wconf 84' lang='lat' dir='ltr'>Perfecta</span> <span class='ocrx_word' id='word_1_305' title='bbox 851 3589 893 3621; x_wconf 87' lang='lat' dir='ltr'>sur</span> <span class='ocrx_word' id='word_1_306' title='bbox 913 3573 1067 3630; x_wconf 75' lang='lat' dir='ltr'>abnegatio,</span> <span class='ocrx_word' id='word_1_307' title='bbox 1090 3574 1130 3622; x_wconf 89' lang='lat' dir='ltr'>sie</span> <span class='ocrx_word' id='word_1_308' title='bbox 1149 3579 1235 3630; x_wconf 84' lang='lat' dir='ltr'>alunt,</span> 
     </span>
     <span class='ocr_line' id='line_1_39' title="bbox 151 3631 1234 3694; baseline -0.004 -12"><span class='ocrx_word' id='word_1_309' title='bbox 151 3643 209 3682; x_wconf 89' lang='lat' dir='ltr'>tum</span> <span class='ocrx_word' id='word_1_310' title='bbox 220 3635 329 3682; x_wconf 88' lang='lat' dir='ltr'>demum</span> <span class='ocrx_word' id='word_1_311' title='bbox 340 3632 466 3689; x_wconf 89' lang='lat' dir='ltr'>habetur,</span> <span class='ocrx_word' id='word_1_312' title='bbox 479 3649 510 3681; x_wconf 91' lang='lat' dir='ltr'>ex</span> <span class='ocrx_word' id='word_1_313' title='bbox 522 3649 576 3693; x_wconf 88' lang='lat' dir='ltr'>qun</span> <span class='ocrx_word' id='word_1_314' title='bbox 593 3636 654 3694; x_wconf 90' lang='lat' dir='ltr'>quis</span> <span class='ocrx_word' id='word_1_315' title='bbox 667 3648 714 3692; x_wconf 89' lang='lat' dir='ltr'>per</span> <span class='ocrx_word' id='word_1_316' title='bbox 726 3631 912 3681; x_wconf 84' lang='lat' dir='ltr'>obedientiam</span> <span class='ocrx_word' id='word_1_317' title='bbox 923 3647 951 3679; x_wconf 90' lang='lat' dir='ltr'>se</span> <span class='ocrx_word' id='word_1_318' title='bbox 962 3647 1012 3680; x_wconf 90' lang='lat' dir='ltr'>suo</span> <span class='ocrx_word' id='word_1_319' title='bbox 1024 3631 1151 3690; x_wconf 90' lang='lat' dir='ltr'>spoliavit</span> <span class='ocrx_word' id='word_1_320' title='bbox 1163 3631 1234 3678; x_wconf 87' lang='lat' dir='ltr'>arbi-</span> 
     </span>
     <span class='ocr_line' id='line_1_40' title="bbox 151 3690 1235 3750; baseline -0.002 -11"><span class='ocrx_word' id='word_1_321' title='bbox 151 3692 213 3741; x_wconf 85' lang='lat' dir='ltr'>trio.</span> <span class='ocrx_word' id='word_1_322' title='bbox 231 3693 330 3739; x_wconf 90' lang='lat' dir='ltr'>Verum</span> <span class='ocrx_word' id='word_1_323' title='bbox 343 3694 391 3740; x_wconf 87' lang='lat' dir='ltr'>his.</span> <span class='ocrx_word' id='word_1_324' title='bbox 401 3692 492 3740; x_wconf 91' lang='lat' dir='ltr'>verbis</span> <span class='ocrx_word' id='word_1_325' title='bbox 511 3693 637 3740; x_wconf 85' lang='lat' dir='ltr'>Christus</span> <span class='ocrx_word' id='word_1_326' title='bbox 655 3692 802 3749; x_wconf 86' lang='lat' dir='ltr'>compellat</span> <span class='ocrx_word' id='word_1_327' title='bbox 820 3703 914 3736; x_wconf 87' lang='lat' dir='ltr'>omnes</span> <span class='ocrx_word' id='word_1_328' title='bbox 933 3697 1067 3750; x_wconf 90' lang='lat' dir='ltr'>quotquot</span> <span class='ocrx_word' id='word_1_329' title='bbox 1087 3690 1172 3737; x_wconf 86' lang='lat' dir='ltr'>velint</span> <span class='ocrx_word' id='word_1_330' title='bbox 1184 3690 1235 3748; x_wconf 90' lang='lat' dir='ltr'>ipsi</span> 
     </span>
     <span class='ocr_line' id='line_1_41' title="bbox 147 3748 1238 3814; baseline -0.002 -17"><span class='ocrx_word' id='word_1_331' title='bbox 147 3749 269 3814; x_wconf 85' lang='lat' dir='ltr'>adjungi.</span> <span class='ocrx_word' id='word_1_332' title='bbox 288 3753 462 3810; x_wconf 85' lang='lat' dir='ltr'>postulatque</span> <span class='ocrx_word' id='word_1_333' title='bbox 483 3749 691 3812; x_wconf 80' lang='lat' dir='ltr'>abnegationem</span> <span class='ocrx_word' id='word_1_334' title='bbox 710 3763 764 3795; x_wconf 92' lang='lat' dir='ltr'>non</span> <span class='ocrx_word' id='word_1_335' title='bbox 783 3748 939 3812; x_wconf 86' lang='lat' dir='ltr'>absolutam</span> <span class='ocrx_word' id='word_1_336' title='bbox 955 3748 1002 3795; x_wconf 92' lang='lat' dir='ltr'>sed</span> <span class='ocrx_word' id='word_1_337' title='bbox 1013 3757 1238 3812; x_wconf 67' lang='lat' dir='ltr'>⁵quantumopus</span> 
     </span>
     <span class='ocr_line' id='line_1_42' title="bbox 151 3805 1236 3870; baseline -0.001 -16"><span class='ocrx_word' id='word_1_338' title='bbox 151 3817 186 3867; x_wconf 79' lang='lat' dir='ltr'>sit</span> <span class='ocrx_word' id='word_1_339' title='bbox 204 3809 239 3856; x_wconf 90' lang='lat' dir='ltr'>ad</span> <span class='ocrx_word' id='word_1_340' title='bbox 256 3808 342 3867; x_wconf 85' lang='lat' dir='ltr'>ipsrus</span> <span class='ocrx_word' id='word_1_341' title='bbox 359 3809 497 3868; x_wconf 88' lang='lat' dir='ltr'>implenda</span> <span class='ocrx_word' id='word_1_342' title='bbox 508 3817 664 3867; x_wconf 86' lang='lat' dir='ltr'>praecepta,</span> <span class='ocrx_word' id='word_1_343' title='bbox 678 3816 716 3853; x_wconf 86' lang='lat' dir='ltr'>tta</span> <span class='ocrx_word' id='word_1_344' title='bbox 734 3815 762 3853; x_wconf 92' lang='lat' dir='ltr'>ut</span> <span class='ocrx_word' id='word_1_345' title='bbox 774 3817 886 3870; x_wconf 85' lang='lat' dir='ltr'>paratus</span> <span class='ocrx_word' id='word_1_346' title='bbox 897 3821 933 3852; x_wconf 82' lang='lat' dir='ltr'>sis</span> <span class='ocrx_word' id='word_1_347' title='bbox 945 3821 1037 3853; x_wconf 87' lang='lat' dir='ltr'>omma</span> <span class='ocrx_word' id='word_1_348' title='bbox 1049 3805 1121 3854; x_wconf 92' lang='lat' dir='ltr'>bona</span> <span class='ocrx_word' id='word_1_349' title='bbox 1139 3816 1236 3853; x_wconf 82' lang='lat' dir='ltr'>vitam·</span> 
     </span>
     <span class='ocr_line' id='line_1_43' title="bbox 152 3864 1237 3925; baseline -0.002 -13"><span class='ocrx_word' id='word_1_350' title='bbox 152 3880 206 3925; x_wconf 89' lang='lat' dir='ltr'>que</span> <span class='ocrx_word' id='word_1_351' title='bbox 222 3867 309 3924; x_wconf 89' lang='lat' dir='ltr'>ipsam</span> <span class='ocrx_word' id='word_1_352' title='bbox 330 3864 430 3915; x_wconf 88' lang='lat' dir='ltr'>Christi</span> <span class='ocrx_word' id='word_1_353' title='bbox 453 3880 537 3913; x_wconf 89' lang='lat' dir='ltr'>causa</span> <span class='ocrx_word' id='word_1_354' title='bbox 557 3865 731 3924; x_wconf 73' lang='lat' dir='ltr'>profundere.</span> <span class='ocrx_word' id='word_1_355' title='bbox 755 3866 833 3924; x_wconf 79' lang='lat' dir='ltr'>Quae</span> <span class='ocrx_word' id='word_1_356' title='bbox 858 3873 896 3911; x_wconf 83' lang='lat' dir='ltr'>ita</span> <span class='ocrx_word' id='word_1_357' title='bbox 919 3864 1013 3910; x_wconf 89' lang='lat' dir='ltr'>licebit</span> <span class='ocrx_word' id='word_1_358' title='bbox 1035 3865 1180 3911; x_wconf 85' lang='lat' dir='ltr'>transferre</span> <span class='ocrx_word' id='word_1_359' title='bbox 1201 3865 1237 3911; x_wconf 92' lang='lat' dir='ltr'>ad</span> 
     </span>
     <span class='ocr_line' id='line_1_44' title="bbox 152 3921 1237 3988; baseline -0.002 -18"><span class='ocrx_word' id='word_1_360' title='bbox 152 3924 287 3972; x_wconf 88' lang='lat' dir='ltr'>studiosos</span> <span class='ocrx_word' id='word_1_361' title='bbox 304 3924 489 3982; x_wconf 73' lang='lat' dir='ltr'>perfectionis,</span> <span class='ocrx_word' id='word_1_362' title='bbox 513 3933 650 3988; x_wconf 90' lang='lat' dir='ltr'>quatenus</span> <span class='ocrx_word' id='word_1_363' title='bbox 669 3922 735 3985; x_wconf 88' lang='lat' dir='ltr'>ipsis</span> <span class='ocrx_word' id='word_1_364' title='bbox 753 3922 849 3969; x_wconf 86' lang='lat' dir='ltr'>eadem</span> <span class='ocrx_word' id='word_1_365' title='bbox 867 3921 1017 3968; x_wconf 84' lang='lat' dir='ltr'>exercenda</span> <span class='ocrx_word' id='word_1_366' title='bbox 1034 3929 1075 3969; x_wconf 89' lang='lat' dir='ltr'>est</span> <span class='ocrx_word' id='word_1_367' title='bbox 1091 3922 1237 3981; x_wconf 85' lang='lat' dir='ltr'>abnegatio</span> 
     </span>
     <span class='ocr_line' id='line_1_45' title="bbox 151 3979 1237 4086; baseline -0.004 -57"><span class='ocrx_word' id='word_1_368' title='bbox 151 3990 283 4040; x_wconf 88' lang='lat' dir='ltr'>quantum</span> <span class='ocrx_word' id='word_1_369' title='bbox 295 3983 361 4028; x_wconf 89' lang='lat' dir='ltr'>satis</span> <span class='ocrx_word' id='word_1_370' title='bbox 375 3981 410 4029; x_wconf 90' lang='lat' dir='ltr'>sit</span> <span class='ocrx_word' id='word_1_371' title='bbox 422 3983 457 4029; x_wconf 92' lang='lat' dir='ltr'>ad</span> <span class='ocrx_word' id='word_1_372' title='bbox 470 3987 619 4039; x_wconf 89' lang='lat' dir='ltr'>pertectam</span> <span class='ocrx_word' id='word_1_373' title='bbox 631 3979 731 4027; x_wconf 82' lang='lat' dir='ltr'>Christi</span> <span class='ocrx_word' id='word_1_374' title='bbox 745 3982 894 4038; x_wconf 77' lang='lat' dir='ltr'>sequelam.</span> <span class='ocrx_word' id='word_1_375' title='bbox 910 3980 1051 4086; x_wconf 56' lang='lat' dir='ltr'>guantum</span> <span class='ocrx_word' id='word_1_376' title='bbox 1067 3988 1158 4026; x_wconf 89' lang='lat' dir='ltr'>autem</span> <span class='ocrx_word' id='word_1_377' title='bbox 1171 3979 1237 4027; x_wconf 88' lang='lat' dir='ltr'>satis</span> 
     </span>
     <span class='ocr_line' id='line_1_46' title="bbox 151 4037 1237 4098; baseline -0.005 -11"><span class='ocrx_word' id='word_1_378' title='bbox 151 4041 195 4096; x_wconf 89' lang='lat' dir='ltr'>sit,</span> <span class='ocrx_word' id='word_1_379' title='bbox 207 4053 238 4087; x_wconf 88' lang='lat' dir='ltr'>ex</span> <span class='ocrx_word' id='word_1_380' title='bbox 248 4039 310 4087; x_wconf 89' lang='lat' dir='ltr'>aliis</span> <span class='ocrx_word' id='word_1_381' title='bbox 322 4041 492 4087; x_wconf 88' lang='lat' dir='ltr'>documentis</span> <span class='ocrx_word' id='word_1_382' title='bbox 502 4050 542 4086; x_wconf 89' lang='lat' dir='ltr'>est</span> <span class='ocrx_word' id='word_1_383' title='bbox 553 4039 713 4085; x_wconf 89' lang='lat' dir='ltr'>eruendum.</span> <span class='ocrx_word' id='word_1_384' title='bbox 727 4039 820 4098; x_wconf 77' lang='lat' dir='ltr'>Quare</span> <span class='ocrx_word' id='word_1_385' title='bbox 832 4038 891 4096; x_wconf 88' lang='lat' dir='ltr'>ipse</span> <span class='ocrx_word' id='word_1_386' title='bbox 933 4076 936 4082; x_wconf 94' lang='lat'>.</span> <span class='ocrx_word' id='word_1_387' title='bbox 951 4037 1079 4092; x_wconf 87' lang='lat' dir='ltr'>Thomas,</span> <span class='ocrx_word' id='word_1_388' title='bbox 1101 4038 1128 4084; x_wconf 93' lang='lat' dir='ltr'>iu</span> <span class='ocrx_word' id='word_1_389' title='bbox 1139 4039 1237 4083; x_wconf 85' lang='lat' dir='ltr'>Summa</span> 
     </span>
     <span class='ocr_line' id='line_1_47' title="bbox 150 4093 1235 4160; baseline -0.005 -14"><span class='ocrx_word' id='word_1_390' title='bbox 150 4104 238 4147; x_wconf 89' lang='lat' dir='ltr'>tsecus</span> <span class='ocrx_word' id='word_1_391' title='bbox 248 4099 320 4144; x_wconf 89' lang='lat' dir='ltr'>enim</span> <span class='ocrx_word' id='word_1_392' title='bbox 332 4097 359 4144; x_wconf 91' lang='lat' dir='ltr'>in</span> <span class='ocrx_word' id='word_1_393' title='bbox 369 4099 502 4155; x_wconf 89' lang='lat' dir='ltr'>opusculo</span> <span class='ocrx_word' id='word_1_394' title='bbox 513 4099 549 4143; x_wconf 82' lang='lat' dir='ltr'>De</span> <span class='ocrx_word' id='word_1_395' title='bbox 557 4096 699 4156; x_wconf 61' lang='lat' dir='ltr'>perfectione,</span> <span class='ocrx_word' id='word_1_396' title='bbox 709 4110 733 4143; x_wconf 92' lang='lat' dir='ltr'>c.</span> <span class='ocrx_word' id='word_1_397' title='bbox 744 4101 975 4160; x_wconf 67' lang='lat' dir='ltr'>rotnonargurterr</span> <span class='ocrx_word' id='word_1_398' title='bbox 987 4095 1033 4142; x_wconf 89' lang='lat' dir='ltr'>illa</span> <span class='ocrx_word' id='word_1_399' title='bbox 1044 4093 1235 4159; x_wconf 85' lang='lat' dir='ltr'>abnegatione,</span> 
     </span>
     <span class='ocr_line' id='line_1_48' title="bbox 150 4154 1236 4212; baseline -0.002 -10"><span class='ocrx_word' id='word_1_400' title='bbox 150 4155 198 4203; x_wconf 89' lang='lat' dir='ltr'>sed</span> <span class='ocrx_word' id='word_1_401' title='bbox 216 4155 361 4203; x_wconf 89' lang='lat' dir='ltr'>consilium</span> <span class='ocrx_word' id='word_1_402' title='bbox 381 4155 555 4203; x_wconf 90' lang='lat' dir='ltr'>obedientiae</span> <span class='ocrx_word' id='word_1_403' title='bbox 575 4159 710 4200; x_wconf 83' lang='lat' dir='ltr'>inclusum</span> <span class='ocrx_word' id='word_1_404' title='bbox 732 4154 799 4200; x_wconf 81' lang='lat' dir='ltr'>dreit</span> <span class='ocrx_word' id='word_1_405' title='bbox 818 4166 846 4199; x_wconf 84' lang='lat' dir='ltr'>tn</span> <span class='ocrx_word' id='word_1_406' title='bbox 867 4154 970 4200; x_wconf 81' lang='lat' dir='ltr'>Christl</span> <span class='ocrx_word' id='word_1_407' title='bbox 982 4156 1093 4212; x_wconf 87' lang='lat' dir='ltr'>sequela</span> <span class='ocrx_word' id='word_1_408' title='bbox 1109 4163 1135 4200; x_wconf 89' lang='lat' dir='ltr'>et</span> <span class='ocrx_word' id='word_1_409' title='bbox 1147 4154 1236 4200; x_wconf 84' lang='lat' dir='ltr'>imita-</span> 
     </span>
     <span class='ocr_line' id='line_1_49' title="bbox 151 4210 910 4274; baseline -0.001 -15"><span class='ocrx_word' id='word_1_410' title='bbox 151 4213 236 4260; x_wconf 63' lang='lat' dir='ltr'>tione:</span> <span class='ocrx_word' id='word_1_411' title='bbox 245 4231 266 4262; x_wconf 87' lang='lat'>2.</span> <span class='ocrx_word' id='word_1_412' title='bbox 279 4231 302 4265; x_wconf 66' lang='grc' dir='ltr'>α,</span> <span class='ocrx_word' id='word_1_413' title='bbox 314 4228 340 4272; x_wconf 92' lang='lat' dir='ltr'>q.</span> <span class='ocrx_word' id='word_1_414' title='bbox 356 4221 406 4269; x_wconf 83' lang='lat'>186,</span> <span class='ocrx_word' id='word_1_415' title='bbox 419 4221 469 4260; x_wconf 89' lang='lat' dir='ltr'>art.</span> <span class='ocrx_word' id='word_1_416' title='bbox 482 4220 503 4267; x_wconf 85' lang='lat'>5,</span> <span class='ocrx_word' id='word_1_417' title='bbox 516 4213 564 4259; x_wconf 92' lang='lat' dir='ltr'>sed</span> <span class='ocrx_word' id='word_1_418' title='bbox 576 4221 672 4258; x_wconf 89' lang='lat' dir='ltr'>contra</span> <span class='ocrx_word' id='word_1_419' title='bbox 684 4218 736 4264; x_wconf 85' lang='lat' dir='ltr'>est:</span> <span class='ocrx_word' id='word_1_420' title='bbox 747 4219 797 4258; x_wconf 90' lang='lat' dir='ltr'>art.</span> <span class='ocrx_word' id='word_1_421' title='bbox 809 4219 831 4264; x_wconf 89' lang='lat'>8,</span> <span class='ocrx_word' id='word_1_422' title='bbox 842 4210 877 4274; x_wconf 84' lang='lat' dir='ltr'>ad</span> <span class='ocrx_word' id='word_1_423' title='bbox 891 4229 910 4258; x_wconf 89' lang='lat' dir='ltr'>r.</span> 
     </span>
    </p>

    <p class='ocr_par' dir='ltr' id='par_1_10' title="bbox 177 4267 1234 4330">
     <span class='ocr_line' id='line_1_50' title="bbox 177 4267 1234 4330; baseline -0.004 -11"><span class='ocrx_word' id='word_1_424' title='bbox 177 4271 188 4306; x_wconf 87' lang='lat'>³</span> <span class='ocrx_word' id='word_1_425' title='bbox 198 4271 269 4321; x_wconf 90' lang='lat' dir='ltr'>Satis</span> <span class='ocrx_word' id='word_1_426' title='bbox 280 4271 362 4319; x_wconf 89' lang='lat' dir='ltr'>simili</span> <span class='ocrx_word' id='word_1_427' title='bbox 374 4271 460 4319; x_wconf 85' lang='lat' dir='ltr'>utitur</span> <span class='ocrx_word' id='word_1_428' title='bbox 468 4269 704 4330; x_wconf 84' lang='lat' dir='ltr'>argumentatione</span> <span class='ocrx_word' id='word_1_429' title='bbox 714 4271 747 4316; x_wconf 81' lang='lat' dir='ltr'>R.</span> <span class='ocrx_word' id='word_1_430' title='bbox 757 4270 790 4315; x_wconf 88' lang='lat' dir='ltr'>D.</span> <span class='ocrx_word' id='word_1_431' title='bbox 803 4267 959 4324; x_wconf 71' lang='lat' dir='ltr'>Schtwietz,</span> <span class='ocrx_word' id='word_1_432' title='bbox 969 4269 1070 4323; x_wconf 74' lang='lat' dir='ltr'>Arcto,</span> <span class='ocrx_word' id='word_1_433' title='bbox 1081 4273 1099 4314; x_wconf 90' lang='lat' dir='ltr'>t.</span> <span class='ocrx_word' id='word_1_434' title='bbox 1111 4276 1148 4323; x_wconf 89' lang='lat'>78,</span> <span class='ocrx_word' id='word_1_435' title='bbox 1159 4283 1186 4326; x_wconf 91' lang='lat' dir='ltr'>p.</span> <span class='ocrx_word' id='word_1_436' title='bbox 1200 4276 1234 4315; x_wconf 82' lang='lat'>13.</span> 
     </span>
    </p>
   </div>
   <div class='ocr_carea' id='block_1_4' title="bbox 1322 1179 1512 1230">
    <p class='ocr_par' dir='ltr' id='par_1_11' title="bbox 1322 1179 1512 1230">
     <span class='ocr_line' id='line_1_51' title="bbox 1322 1179 1512 1230; baseline -0.011 -4"><span class='ocrx_word' id='word_1_437' title='bbox 1322 1179 1433 1226; x_wconf 74' lang='lat' dir='ltr'>Essentr&#39;a</span> <span class='ocrx_word' id='word_1_438' title='bbox 1506 1217 1512 1230; x_wconf 79' lang='lat'>,</span> 
     </span>
    </p>
   </div>
   <div class='ocr_carea' id='block_1_5' title="bbox 1292 1235 1436 1354">
    <p class='ocr_par' dir='ltr' id='par_1_12' title="bbox 1292 1235 1436 1354">
     <span class='ocr_line' id='line_1_52' title="bbox 1293 1235 1436 1282; baseline -0.007 0"><span class='ocrx_word' id='word_1_439' title='bbox 1293 1235 1436 1282; x_wconf 77' lang='lat' dir='ltr'>obedr&#39;entinc</span> 
     </span>
     <span class='ocr_line' id='line_1_53' title="bbox 1292 1295 1424 1354; baseline 0.008 -14"><span class='ocrx_word' id='word_1_440' title='bbox 1292 1295 1424 1354; x_wconf 79' lang='lat' dir='ltr'>religiosae.</span> 
     </span>
    </p>
   </div>
   <div class='ocr_carea' id='block_1_6' title="bbox 1292 2091 1453 2254">
    <p class='ocr_par' dir='ltr' id='par_1_13' title="bbox 1292 2091 1453 2254">
     <span class='ocr_line' id='line_1_54' title="bbox 1314 2091 1453 2158; baseline 0.007 -21"><span class='ocrx_word' id='word_1_441' title='bbox 1314 2091 1453 2158; x_wconf 76' lang='lat' dir='ltr'>Obedicutia</span> 
     </span>
     <span class='ocr_line' id='line_1_55' title="bbox 1292 2156 1452 2196; baseline 0 0"><span class='ocrx_word' id='word_1_442' title='bbox 1292 2156 1354 2196; x_wconf 77' lang='lat' dir='ltr'>vitae</span> <span class='ocrx_word' id='word_1_443' title='bbox 1374 2164 1452 2196; x_wconf 77' lang='lat' dir='ltr'>coerro-</span> 
     </span>
     <span class='ocr_line' id='line_1_56' title="bbox 1292 2208 1385 2254; baseline 0.011 -1"><span class='ocrx_word' id='word_1_444' title='bbox 1292 2208 1385 2254; x_wconf 77' lang='lat' dir='ltr'>bitr&#39;cae.</span> 
     </span>
    </p>
   </div>
   <div class='ocr_carea' id='block_1_7' title="bbox 1289 2596 1453 2818">
    <p class='ocr_par' dir='ltr' id='par_1_14' title="bbox 1289 2596 1453 2818">
     <span class='ocr_line' id='line_1_57' title="bbox 1302 2596 1453 2643; baseline -0.013 -1"><span class='ocrx_word' id='word_1_445' title='bbox 1302 2596 1375 2643; x_wconf 79' lang='lat' dir='ltr'>Ratio</span> <span class='ocrx_word' id='word_1_446' title='bbox 1386 2610 1453 2642; x_wconf 83' lang='lat' dir='ltr'>evan·</span> 
     </span>
     <span class='ocr_line' id='line_1_58' title="bbox 1289 2654 1426 2712; baseline -0.007 -13"><span class='ocrx_word' id='word_1_447' title='bbox 1289 2654 1365 2712; x_wconf 69' lang='lat' dir='ltr'>gelria</span> <span class='ocrx_word' id='word_1_448' title='bbox 1377 2655 1426 2700; x_wconf 80' lang='lat' dir='ltr'>obe-</span> 
     </span>
     <span class='ocr_line' id='line_1_59' title="bbox 1292 2713 1451 2759; baseline -0.006 -1"><span class='ocrx_word' id='word_1_449' title='bbox 1292 2713 1394 2759; x_wconf 79' lang='lat' dir='ltr'>dientr&#39;ue</span> <span class='ocrx_word' id='word_1_450' title='bbox 1417 2727 1451 2757; x_wconf 84' lang='lat' dir='ltr'>es·</span> 
     </span>
     <span class='ocr_line' id='line_1_60' title="bbox 1291 2770 1408 2818; baseline 0.017 -2"><span class='ocrx_word' id='word_1_451' title='bbox 1291 2770 1408 2818; x_wconf 77' lang='lat' dir='ltr'>sentiatis.</span> 
     </span>
    </p>
   </div>
   <div class='ocr_carea' id='block_1_8' title="bbox 177 4325 1237 4393">
    <p class='ocr_par' dir='ltr' id='par_1_15' title="bbox 177 4325 1237 4393">
     <span class='ocr_line' id='line_1_61' title="bbox 177 4325 1237 4393; baseline -0.003 -17"><span class='ocrx_word' id='word_1_452' title='bbox 177 4329 261 4377; x_wconf 87' lang='lat' dir='ltr'>⁴Hoc</span> <span class='ocrx_word' id='word_1_453' title='bbox 279 4329 406 4377; x_wconf 90' lang='lat' dir='ltr'>addimus</span> <span class='ocrx_word' id='word_1_454' title='bbox 418 4329 488 4393; x_wconf 85' lang='lat' dir='ltr'>¹quia</span> <span class='ocrx_word' id='word_1_455' title='bbox 503 4329 560 4388; x_wconf 88' lang='lat' dir='ltr'>jam</span> <span class='ocrx_word' id='word_1_456' title='bbox 579 4334 642 4374; x_wconf 89' lang='lat' dir='ltr'>ante</span> <span class='ocrx_word' id='word_1_457' title='bbox 659 4325 687 4373; x_wconf 90' lang='lat' dir='ltr'>in</span> <span class='ocrx_word' id='word_1_458' title='bbox 707 4325 833 4386; x_wconf 90' lang='lat' dir='ltr'>pluribus</span> <span class='ocrx_word' id='word_1_459' title='bbox 850 4325 917 4374; x_wconf 91' lang='lat' dir='ltr'>viris</span> <span class='ocrx_word' id='word_1_460' title='bbox 935 4325 1037 4374; x_wconf 89' lang='lat' dir='ltr'>sanetis</span> <span class='ocrx_word' id='word_1_461' title='bbox 1055 4326 1128 4373; x_wconf 88' lang='lat' dir='ltr'>cerni</span> <span class='ocrx_word' id='word_1_462' title='bbox 1147 4327 1237 4385; x_wconf 90' lang='lat' dir='ltr'>potuit</span> 
     </span>
    </p>
   </div>
   <div class='ocr_carea' id='block_1_9' title="bbox 151 4384 765 4500">
    <p class='ocr_par' dir='ltr' id='par_1_16' title="bbox 151 4384 765 4500">
     <span class='ocr_line' id='line_1_62' title="bbox 151 4384 690 4444; baseline -0.004 -12"><span class='ocrx_word' id='word_1_463' title='bbox 151 4388 307 4444; x_wconf 90' lang='lat' dir='ltr'>praeclarus</span> <span class='ocrx_word' id='word_1_464' title='bbox 317 4387 407 4434; x_wconf 86' lang='lat' dir='ltr'>cultus</span> <span class='ocrx_word' id='word_1_465' title='bbox 416 4387 495 4434; x_wconf 80' lang='lat' dir='ltr'>istius</span> <span class='ocrx_word' id='word_1_466' title='bbox 506 4384 690 4434; x_wconf 87' lang='lat' dir='ltr'>obedientiae.</span> 
     </span>
     <span class='ocr_line' id='line_1_63' title="bbox 176 4441 765 4500; baseline -0.007 -6"><span class='ocrx_word' id='word_1_467' title='bbox 176 4445 223 4494; x_wconf 82' lang='lat'>⁵8.</span> <span class='ocrx_word' id='word_1_468' title='bbox 239 4443 336 4492; x_wconf 83' lang='lat' dir='ltr'>Manu.</span> <span class='ocrx_word' id='word_1_469' title='bbox 349 4453 386 4500; x_wconf 85' lang='lat'>28,</span> <span class='ocrx_word' id='word_1_470' title='bbox 400 4462 437 4493; x_wconf 86' lang='lat'>20.</span> <span class='ocrx_word' id='word_1_471' title='bbox 450 4471 477 4479; x_wconf 96' lang='lat'>-</span> <span class='ocrx_word' id='word_1_472' title='bbox 489 4446 500 4480; x_wconf 78' lang='lat'>&lt;⁵</span> <span class='ocrx_word' id='word_1_473' title='bbox 512 4445 539 4493; x_wconf 91' lang='lat' dir='ltr'>S.</span> <span class='ocrx_word' id='word_1_474' title='bbox 554 4441 653 4490; x_wconf 80' lang='lat' dir='ltr'>Manu.</span> <span class='ocrx_word' id='word_1_475' title='bbox 668 4449 703 4498; x_wconf 69' lang='lat' dir='ltr'>rs,</span> <span class='ocrx_word' id='word_1_476' title='bbox 730 4450 765 4490; x_wconf 75' lang='grc' dir='ltr'>ιε.</span> 
     </span>
    </p>
   </div>
   <div class='ocr_carea' id='block_1_10' title="bbox 0 0 1578 5004">
    <p class='ocr_par' dir='ltr' id='par_1_17' title="bbox 0 0 1578 5004">
     <span class='ocr_line' id='line_1_64' title="bbox 0 0 1578 5004; baseline 0 0"><span class='ocrx_word' id='word_1_477' title='bbox 0 0 1578 5004; x_wconf 95' lang='lat' dir='ltr'> </span> 
     </span>
    </p>
   </div>
  </div>
 </body>
</html>
