3138 5014
141 440 324 520 [adl-483]
548 465 584 499 or
599 463 783 500 sicanucuro
799 463 912 498 cunnus
1171 439 1232 502 293
1302 434 1304 440 ¹

137 595 242 651 eodem
269 593 415 652 Pontifice
439 607 646 654 memorantur
665 597 727 652 dies
747 595 813 652 festi
836 597 868 653 in
892 592 1047 668 privilegio
1070 572 1232 667 recipiendi

138 675 264 734 Ordines
277 677 370 735 tribus
384 674 543 738 dominicis
558 675 603 738 uel
614 675 685 738 aliis
692 675 780 757 sestis
793 673 893 736 diebus
906 675 997 737 ctiam
1012 673 1171 736 coutinuis.
1204 679 1206 682 '

180 775 351 839 Observes
368 778 432 839 hoc
456 778 675 860 Regularium
700 777 874 859 privilegio
893 796 958 839 non
976 774 1118 856 obligari
1133 775 1232 858 Epis·

140 879 261 942 copum
279 860 321 922 ad
345 859 517 922 habendas
531 860 759 923 ordinationes
777 867 873 922 extra
896 864 1063 954 tempora.
1089 859 1180 941 Quas
1204 859 1231 922 si

118 964 122 974 ·
138 943 288 1022 legitimo
300 948 450 1024 tempore
463 944 507 1006 sit
518 943 709 1020 habiturus,
720 960 786 1004 non
799 949 957 1024 poterunt
972 939 1071 1004 iidem
1085 943 1230 1004 alterurn

139 1024 279 1102 interea,
288 1027 426 1107 proprio
435 1027 552 1088 saltem
557 1026 646 1108 jure,
655 1026 748 1088 adire
759 1026 976 1107 Episcopum.
989 1023 1163 1088 Benedicti
1173 1039 1232 1086 xiv

141 1105 1229 1190 C.ImpositiuobisetS.C.C.8aug.1888,apudGasparri,n.75.

181 1212 210 1253 2.
230 1191 326 1273 Quod
343 1191 384 1253 ad
400 1190 536 1270 titulum,
555 1193 740 1274 Regulares
763 1189 948 1253 sollemniter
971 1187 1124 1273 professi,
1143 1190 1231 1270 iique

139 1273 200 1336 soli
218 1272 227 1300 ¹
244 1273 393 1336 ordinari
411 1275 524 1336 valent
540 1275 637 1337 tituto
646 1273 848 1355 paupertatis.
864 1272 1046 1353 Potiusque
1059 1271 1231 1354 permittet

140 1355 174 1418 S.
184 1353 286 1418 Sedes
295 1361 332 1418 ut
342 1356 504 1438 professio
518 1356 582 1420 ista
595 1357 653 1420 frat
666 1363 744 1418 ante
753 1363 897 1437 tempus,
906 1375 1006 1438 quam
1017 1362 1053 1416 ut
1063 1358 1231 1416 antevota'

139 1439 312 1501 sollemnia
327 1447 569 1522 promoveatur
581 1438 771 1520 Regularis.
797 1440 898 1501 Decr.
922 1438 1030 1501 Auctis
1049 1434 1229 1513 admodum,

140 1542 173 1582 n.
192 1543 221 1584 2.
235 1522 360 1583 Notum
373 1531 424 1584 est
441 1523 645 1585 Societatem
658 1522 739 1605 Jesu
751 1521 800 1584 uti
816 1521 849 1583 in
866 1522 930 1584 hac
946 1541 983 1584 re
991 1523 1069 1604 jure
1081 1519 1229 1598 speciali.

181 1625 211 1681 3.
240 1604 336 1685 Quod
360 1605 402 1665 ad
424 1605 594 1682 scientiam,
621 1606 706 1668 idem
732 1605 903 1668 decretum
930 1604 1038 1666 Auctis
1061 1601 1231 1665 admodum

142 1704 175 1746 n.
204 1688 233 1760 6,
262 1692 355 1747 vetat
381 1706 422 1747 ne
448 1687 594 1749 Professi
624 1688 666 1749 ad
693 1707 810 1748 sacros
838 1685 980 1749 Ordines
1008 1683 1231 1765 admittantur

144 1767 240 1828 «nisi
266 1775 401 1850 praeter
427 1769 493 1831 alia
519 1790 539 1831 a
561 1770 638 1851 jure
665 1774 807 1848 statuta,
832 1769 1074 1832 testimoniales
1100 1767 1231 1831 litteras

141 1848 333 1919 exhibeant,
354 1851 441 1930 quod
461 1853 579 1914 saltem
604 1871 662 1934 per
678 1873 794 1914 aaurrm
810 1871 929 1914 sacrae
947 1851 1137 1932 theologiae
1153 1871 1231 1932 ope-

141 1952 215 1993 ram
244 1932 397 1994 dederint
423 1932 450 1994 si
477 1941 598 2015 agatur
626 1936 665 1996 de
695 1933 932 2006 subdiaconatu,
963 1933 1005 1995 ad
1032 1935 1142 1995 minus
1172 1950 1232 2013 per

141 2013 308 2091 berardum,
333 2016 359 2077 si
384 2015 423 2076 de
446 2013 622 2094 diaconatu,
651 2025 683 2079 et
705 2017 814 2097 quoad
834 2016 1087 2096 presbyteratum,
1112 2015 1231 2077 saltem

141 2116 201 2179 per
221 2095 398 2175 triennium,
424 2100 607 2181 praemisso
631 2107 746 2162 tamen
769 2099 917 2178 regulari
939 2099 1082 2161 aliorum
1105 2097 1232 2159 studio·

144 2199 219 2243 rum
243 2181 425 2243 curriculo.
450 2209 463 2236 »

187 2264 258 2342 Age
275 2282 387 2344 porro,
405 2283 465 2342 per
482 2263 618 2345 aliquod
642 2269 773 2344 tempus
795 2282 932 2344 operam
949 2262 1029 2336 dare
1046 2261 1145 2324 alicui
1170 2259 1230 2342 rei,

145 2345 244 2407 estin
261 2365 334 2408 eam
352 2367 410 2428 per
426 2347 505 2409 illud
521 2355 654 2428 tempus
671 2345 851 2428 praecipue
868 2345 1075 2408 incumbere.

184 2428 248 2490 Per
269 2430 459 2510 posteriora
482 2437 595 2491 autem
619 2430 745 2492 decreti
774 2427 878 2491 verba
905 2435 1066 2490 vetantur
1092 2428 1232 2490 miscere

142 2510 253 2572 studia
269 2511 460 2592 theologica
475 2511 548 2575 aliis
562 2511 692 2589 studiis,
710 2518 830 2595 utputa
845 2506 1092 2594 philosophiae,
1110 2509 1231 2590 quibus'

143 2593 254 2656 aditus
281 2594 322 2657 ad
352 2595 600 2673 ea‘munitur3
627 2595 791 2678 jubentur
820 2602 935 2657 autem
967 2595 1029 2658 rite
1059 2592 1171 2677 parati
1200 2599 1233 2654 et

144 2676 302 2739 instructi
325 2679 474 2740 adhaec
497 2678 610 2741 studia
633 2679 807 2742 accedere.

183 2761 289 2822 riuuos
305 2759 446 2842 denique
461 2762 628 2841 intelligas
651 2761 851 2837 studiorum,
870 2760 1044 2823 moraliter
1067 2764 1232 2840 sumptos.

184 2865 215 2922 4.
232 2843 284 2902 Ex
300 2841 339 2904 C.
357 2843 665 2922 apostolicaesedis,
688 2845 776 2906 inter
792 2843 1029 2925 suspensiones
1053 2841 1142 2904 latae
1158 2861 1233 2902 sen·-

144 2923 269 2983 tentiae
285 2924 326 2984 R.
343 2925 497 2986 Pontifici
515 2934 718 3002 reservatas,
737 2926 891 3001 edicitur,
910 2946 944 2988 n.
961 2949 991 3007 4,
1014 2950 1027 2979 «
1047 2924 1232 3008 Suspensio

146 3023 346 3084 perannum
364 3024 384 3066 a
408 3007 586 3068 collatione
610 3008 765 3070 ordinum
784 3016 905 3068 contra
928 3027 986 3068 eos
1007 3006 1075 3087 qui,
1093 3012 1233 3086 excepto

146 3085 295 3165 legitimo
318 3086 503 3166 privilegiu,
530 3089 709 3150 conferunt
734 3090 860 3169 absque
883 3089 981 3150 titulo
1009 3089 1160 3150 beneficii
1182 3089 1235 3150 vel

145 3167 336 3250 patrimonii
359 3168 519 3230 Ordinem
539 3170 681 3233 Sacrum
705 3172 827 3233 clerico
850 3171 883 3232 in
903 3171 1015 3251 aliqua
1039 3170 1234 3250 Congrega·

145 3251 236 3313 tione
251 3249 389 3328 viventi,
407 3251 439 3312 in
456 3271 522 3331 qua
545 3253 714 3314 sollemnis
728 3253 891 3334 professio
909 3273 974 3314 non
991 3252 1166 3330 emittitur,
1182 3253 1235 3314 vel

145 3333 246 3396 etiam
265 3333 420 3414 religioso
437 3335 584 3398 nondum
600 3335 765 3417 professo.
785 3363 798 3390 r>

350 3500 392 3562 ll.
417 3504 458 3564 In
481 3503 819 3582 congregationibus
843 3503 1024 3581 religiosis

186 3646 277 3710 483.
298 3647 445 3709 Summa
467 3649 570 3726 juria.
602 3671 628 3712 r.
661 3649 708 3710 De
734 3669 877 3711 consensa
903 3646 1090 3728 Superioris.
1117 3647 1235 3710 Nullus

146 3730 300 3790 alumnus
316 3728 467 3793 Instituti
478 3731 564 3812 juris
588 3732 748 3814 pontificii
764 3729 913 3794 ordinari
928 3735 1038 3812 pote-st
1054 3731 1117 3794 nisi
1130 3751 1150 3792 a
1173 3749 1234 3792 suo

146 3809 327 3890 Superiore
357 3812 458 3874 fuerit
480 3815 684 3896 propositus.
709 3815 746 3877 Id
771 3835 812 3876 ex
838 3819 1005 3896 potestate
1029 3813 1235 3875 dominativa

147 3892 341 3972 Superioris
358 3895 544 3976 colligitur;
561 3904 594 3959 et
611 3897 796 3961 formaliter
812 3898 959 3960 habetur
975 3897 1009 3958 in
1027 3895 1066 3960 C.
1084 3893 1236 3960 Conditus

147 3993 167 4036 a
185 3976 321 4054 Christo,
339 3998 368 4039 c.
386 3997 416 4050 a,
435 3999 469 4040 n.
486 3996 534 4041 vr.

189 4079 217 4120 a.
243 4059 291 4119 De
312 4059 424 4122 littaris
447 4060 715 4126 dimissoriaiibus.
734 4061 895 4144 Proprius
912 4067 1024 4124 tamen
1046 4061 1235 4144 Episcopus

148 4140 310 4202 sodalium
326 4145 414 4222 quod
427 4144 468 4205 ad
485 4145 714 4208 ordinationes
732 4166 798 4208 non
811 4152 862 4206 est
878 4145 1066 4227 Episcopus
1083 4144 1147 4206 loci
1165 4165 1235 4207 mo-

149 4223 300 4301 nasterii,
317 4227 375 4286 sed
390 4227 579 4310 Episcopus
594 4229 745 4309 originis,
763 4230 817 4291 vel
828 4229 993 4307 beneficii,
1008 4227 1060 4290 vel
1077 4227 1236 4290 domicilii

178 4410 186 4443 ¹
198 4409 227 4455 C.
243 4407 270 4455 S.
284 4407 325 4456 Pii
338 4422 363 4456 V.
376 4409 445 4458 Ram.
459 4411 552 4472 Ponat.
562 4431 588 4469 14
600 4419 653 4461 oct.
668 4419 723 4461 1568
733 4425 738 4467 ;
750 4411 793 4460 Pii
805 4426 840 4470 rx,
852 4413 883 4460 C.
895 4408 1045 4472 Apostolum
1055 4407 1134 4470 Sedis,
1146 4427 1172 4459 12
1181 4417 1235 4458 oct.

151 4473 206 4523 1869
214 4479 220 4522 ;
239 4466 357 4524 Decret,
370 4469 454 4515 Auctis
466 4468 600 4528 admodum,
612 4491 625 4531 4
636 4485 699 4520 nov.
714 4479 779 4533 1892.
820 4537 823 4544 Ι

1308 1199 1430 1250 Deliiulo.

1285 1607 1287 1611 ’
1300 1607 1337 1654 De
1348 1606 1446 1653 scientia

1286 1663 1422 1724 ruruegao.

1317 2852 1417 2898 Sanctio

1287 2911 1416 2978 suspensio-

1288 2982 1337 3016 ms.

1322 3670 1356 3718 De
1373 3670 1448 3728 requi·

1289 3728 1449 3796 sitoSuperio·

1289 3799 1325 3834 ris
1343 3799 1447 3833 assmsu.

1319 4073 1356 4118 Dr
1363 4070 1450 4118 litteris

1290 4129 1441 4176 dimissoria·

1289 4188 1359 4236 lidus.
