3142 5004
133 436 317 516 [246-249]
386 459 423 492 on
439 456 676 492 ostreariorusus
692 455 830 492 numerosi
847 455 974 492 PROFESSI
1162 428 1222 494 ll9

172 590 262 654 247.
290 591 462 668 Quaeres,
492 589 570 670 quid
596 589 624 650 si
645 591 687 650 ob
715 595 858 650 mortem
875 589 928 651 vel
955 589 1055 654 aliam
1082 607 1221 649 causam

130 671 304 732 necessitate
320 678 467 755 eoguntur
485 680 616 735 mutare
633 671 968 733 administratorem?

174 755 213 815 R.
233 754 387 835 Scriptor
403 755 561 837 periodici
585 754 740 817 Mortifera
764 761 920 816 autumat
936 752 1123 815 adeundam
1148 772 1222 814 esse

133 837 169 899 S.
187 836 320 898 Sedem.

176 919 280 980 Nobis
296 919 430 980 videtur
446 919 718 996 distinguendum
739 919 860 998 duplex
874 917 1086 979 necessitatis
1101 936 1220 997 genus.

134 1001 195 1064 Est
213 1001 300 1063 enim
318 1004 421 1082 prior,
441 1001 546 1082 magis
561 1003 717 1063 absoluta
729 1001 925 1075 necessitas,
943 1000 982 1074 sl,
1001 1000 1078 1079 quia
1094 1002 1163 1061 vita
1179 1000 1222 1060 sit

133 1083 270 1144 fur-ctus
286 1087 339 1144 vel
356 1104 477 1146 munus
494 1084 667 1159 dimiserit,
682 1083 793 1144 nullus
805 1083 875 1163 jam
891 1082 992 1144 fuerit
1008 1083 1222 1144 administra-

133 1173 199 1228 tor.
231 1167 396 1227 Putamus
426 1167 622 1249 simpliciter
649 1166 809 1245 professis
836 1172 916 1226 tunc
944 1165 994 1226 las
1024 1183 1097 1225 esse
1129 1164 1222 1226 utin

132 1249 244 1310 locum
261 1249 426 1310 demortui
443 1252 588 1311 alterum
606 1248 786 1324 sufficiant,
804 1247 1011 1309 assentiente
1027 1247 1220 1327 Superiore,

134 1349 199 1411 quo
215 1331 278 1410 legi
295 1331 506 1393 obedientiae
523 1332 606 1393 ¹fiat
628 1333 723 1392 satis,
740 1329 834 1394 Talis
850 1331 938 1391 enim
955 1331 1103 1391 delectus
1121 1329 1222 1410 impe·

133 1422 230 1475 ratur
243 1413 390 1492 ipsorum
404 1414 614 1495 paupertatis
628 1413 771 1489 ratione,
781 1413 906 1474 nedum
918 1413 995 1473 liuic
1009 1412 1220 1489 adversetur3

133 1515 194 1557 nec
225 1496 338 1574 aliqua
369 1506 504 1558 vetatur
530 1498 718 1558 sanctione.
750 1495 786 1555 ld
813 1497 1035 1557 confirmatur
1061 1494 1222 1575 regimine

135 1577 263 1656 Congr.
281 1578 581 1641 Passionistarum.
601 1579 670 1641 Cfr.
689 1599 722 1640 n.
739 1593 814 1654 250,
835 1601 862 1639 1.

176 1659 210 1721 Si
228 1679 310 1720 vero
333 1662 440 1723 altera
463 1661 672 1722 interciderit
688 1661 873 1721 necessitas
896 1660 1083 1738 abrogandi
1100 1677 1222 1720 munus

134 1741 399 1802 administratori
425 1763 483 1804 reo
510 1745 564 1804 vel
589 1743 755 1823 imperit0,
783 1744 1013 1804 existimamus
1036 1761 1120 1822 opus
1150 1761 1223 1802 esse

134 1823 345 1902 beneplacito
377 1824 412 1886 S.
441 1825 548 1901 Sedis,
580 1826 668 1904 quod
695 1833 819 1900 tamen,
847 1824 875 1885 si
895 1828 1028 1886 nullam
1058 1844 1113 1884 res
1137 1821 1245 1914 ferat

134 1924 277 1981 moram,
295 1904 345 1966 fas
362 1907 426 1966 erit
442 1908 571 1968 interea
588 1927 816 1988 praesumere.

175 1986 268 2051 Talis
286 1988 374 2050 enirn
391 1989 568 2069 abrogatio
592 1997 643 2051 est
659 1983 760 2050 actus
783 1988 1083 2050 administrationis
1108 2006 1223 2068 presse

134 2070 244 2132 dictus
267 2069 291 2146 ²,
315 2089 381 2149 qua
403 2078 484 2133 voto
508 2091 570 2132 suo
594 2071 816 2153 prohibentur
845 2070 1040 2151 simpliciter
1068 2070 1221 2150 professi.

134 2155 183 2214 Ac
199 2151 311 2214 sanxit
323 2153 359 2215 S.
374 2152 602 2233 Congregatio
615 2174 668 2230 ne,
683 2173 718 2215 se
734 2153 937 2227 inconsulta,
957 2159 1134 2214 uterentur
1146 2153 1224 2232 jure

134 2235 315 2296 revocandi
332 2234 359 2295 si
376 2241 464 2314 quod
481 2236 542 2297 sibi
560 2243 805 2297 reservassent.
823 2235 893 2297 Cir.
910 2250 986 2313 245,
1004 2235 1036 2296 d.

175 2319 265 2381 248.
294 2318 466 2395 Quaeres,
485 2319 562 2398 quid
587 2320 627 2395 si,
651 2323 718 2393 nost
738 2317 862 2398 suctum
882 2316 1113 2397 professionem,
1143 2335 1223 2392 sup·

134 2402 284 2476 plendae
302 2404 373 2462 sint
386 2403 653 2479 dispositiones,
668 2421 701 2463 v.
716 2420 768 2481 gr.
782 2400 983 2462 obveniente
1010 2419 1099 2461 nova
1127 2399 1223 2460 nerea

135 2481 267 2546 ditate?

176 2564 218 2625 R.
236 2565 311 2626 Non
328 2564 443 2642 semel,
462 2563 495 2625 iii
512 2564 700 2628 deliniendo
713 2563 810 2627 simili
825 2563 985 2643 regimine
998 2564 1067 2625 voti
1081 2583 1223 2645 pauper-

133 2647 214 2707 tatis
229 2647 262 2708 in
275 2646 606 2727 Congregationibus
621 2648 796 2727 religiosis,
812 2647 847 2709 S.
863 2647 967 2710 Sedes
980 2648 1068 2708 hanc
1081 2647 1223 2709 intexuit

134 2729 339 2790 clausulam:
359 2755 372 2784 «
388 2730 485 2811 Quod
497 2731 598 2793 etiam
611 2731 787 2792 dicendum
801 2731 864 2792 erit
883 2729 1032 2791 debonis
1046 2749 1131 2809 quae
1147 2739 1224 2808 post

134 2812 378 2890 professionem
410 2813 509 2874 titulo
545 2813 748 2875 hereditario
783 2812 831 2874 eis
867 2812 1079 2875 obvenerint.
1113 2839 1126 2867 i
1160 2813 1223 2874 His

135 2893 258 2967 verbis,
276 2913 344 2954 non
359 2894 457 2954 valde
474 2896 670 2977 perspicuis,
699 2897 858 2957 videntur
886 2899 976 2975 leges
993 2914 1108 2956 omnes
1125 2914 1223 2974 supe-

136 2972 205 3032 rius
228 2974 324 3034 datas
348 2974 479 3038 traduci
502 2978 545 3037 ad
569 2980 656 3038 bona
680 2979 846 3055 acquisita
866 2991 942 3058 post
969 2977 1221 3059 professionem.

135 3054 300 3115 Putamus
316 3056 428 3132 itaque
448 3057 496 3118 fas
513 3078 586 3119 esse
599 3060 638 3119 de
655 3060 695 3120 iis
711 3062 830 3121 cedere
846 3079 945 3122 usum
962 3069 994 3120 et
1011 3059 1223 3120 administra-

135 3136 261 3196 tionem
279 3137 332 3197 cui
348 3136 538 3215 maluerint,
557 3143 676 3202 saltem
695 3161 770 3203 cnm
785 3142 883 3201 venia
906 3142 1109 3221 Superioris
1125 3142 1223 3203 Hanc

135 3229 248 3279 tamen
271 3218 389 3279 stricte
413 3220 538 3299 requiri
561 3241 602 3282 ex
624 3233 705 3283 voto
728 3225 950 3304 paupertatiS,
977 3224 1120 3284 nolimus
1145 3244 1223 3284 con-

135 3302 276 3362 tendere
292 3300 315 3360 ³.

177 3383 393 3466 Quin-imme,
418 3383 446 3444 si
469 3389 548 3444 ante
564 3390 645 3444 vota
668 3385 841 3466 dispositio
864 3385 965 3446 fuerit
982 3385 1117 3464 omissa,
1135 3387 1224 3447 arbi·

136 3472 266 3527 tramur
281 3485 355 3526 eam
371 3484 471 3545 quam
488 3466 632 3547 primum
650 3468 797 3548 suppleri
816 3486 912 3546 posse
929 3476 962 3528 et
979 3467 1112 3530 debere.

176 3550 266 3614 249.
284 3550 456 3627 Quaeres,
481 3549 558 3627 quid
581 3549 608 3609 si
633 3549 827 3629 simpliciter
843 3551 1015 3630 professus
1029 3550 1125 3611 bonis
1147 3569 1224 3630 pro-

136 3631 216 3712 priis
232 3638 349 3692 utatur
364 3631 429 3691 siue
444 3630 532 3692 venia
549 3631 734 3711 Superioris,
753 3631 809 3692 ubi
826 3633 910 3693 baec
928 3633 1148 3711 requiratur?

177 3713 284 3774 Actus
300 3713 491 3795 hujusmodi
506 3714 609 3776 illiciti
628 3723 719 3790 sunt,
742 3722 940 3776 nontamen
958 3716 1054 3787 irriti,
1081 3735 1157 3777 cum
1172 3715 1225 3776 lex

136 3813 194 3854 eos
208 3815 274 3857 non
288 3796 412 3859 diserte
425 3797 582 3860 infirmet.
598 3797 730 3860 Suntne
746 3803 859 3858 autem
872 3798 914 3858 ad
927 3797 1105 3860 arbitrium
1120 3799 1224 3880 Supe-

168 4002 175 4036 ¹
190 4000 222 4049 Id
233 3999 303 4066 exigi
311 4007 378 4066 ¹vot-0
388 4004 561 4067 paupertatis
573 4003 663 4050 minus
674 4001 754 4050 nobis
766 4007 882 4050 constat.
1018 4058 1022 4068 Ι

164 4058 250 4105 ²Hoc
268 4066 335 4106 vitio
354 4061 467 4108 illicitae
484 4061 730 4108 administrationis
749 4060 819 4109 affici
840 4058 955 4119 putabat
971 4066 1088 4118 scriptor
1103 4063 1225 4108 Munitore

136 4129 244 4181 omnem
263 4117 493 4165 administratoris
514 4120 650 4167 delectum
672 4119 718 4178 qui
738 4120 796 4166 sine
816 4118 898 4166 venia
919 4120 945 4168 S.
970 4119 1047 4168 Sedis
1067 4120 1143 4167 fieret
1163 4127 1225 4178 post

136 4188 235 4222 emissa
247 4183 319 4222 vota.

163 4231 343 4299 ³Hinceiiini
359 4247 454 4290 graves
469 4233 625 4298 scriptores
643 4236 674 4282 C.
688 4233 861 4290 d‘AnnibaIe,
881 4233 980 4281 Lucidi
997 4233 1056 4291 (cfr.
1073 4249 1091 4281 n
1107 4241 1183 4298 Ι250,
1203 4239 1225 4294 3)

135 4296 279 4338 antumant
287 4304 391 4348 jurium
406 4305 544 4339 cessiones
559 4307 608 4350 per
623 4307 651 4339 se
666 4306 722 4339 non
733 4291 872 4354 adversari
886 4299 1135 4350 votopaupertatis;
1150 4293 1226 4340 illinc

134 4357 226 4395 autem
237 4348 270 4412 de
282 4349 341 4406 ipso
352 4348 466 4396 radicali
478 4349 602 4397 dominio
619 4350 690 4397 inter
706 4349 783 4396 viv'os
804 4349 916 4408 professi
935 4349 1081 4409 disponere
1098 4357 1226 4411 vetantur

135 4407 194 4452 sine
204 4419 284 4453 venia
295 4406 457 4465 Superioris.
471 4408 527 4454 Hic
537 4407 634 4454 similis
645 4407 735 4468 agitur
745 4407 890 4466 dispositio
900 4407 1068 4456 reddituum.

1277 584 1340 646 Quid
1350 586 1373 632 si
1380 587 1435 642 opus

1275 647 1308 690 sii
1345 647 1435 688 mutare

1276 702 1434 748 administru-

1278 758 1367 806 torem?

1279 2314 1436 2375 Qiiidri,post

1278 2379 1341 2426 notu,
1385 2377 1436 2430 sup·

1275 2431 1371 2490 piendue
1387 2431 1438 2475 sint

1278 2489 1413 2549 dispositio·

1279 2561 1316 2595 nes
1326 2548 1338 2594 ,³

1303 3555 1438 3614 Dispositio

1278 3612 1304 3658 di
1312 3613 1380 3658 bonis
1386 3617 1439 3670 pro-

1274 3671 1347 3730 priis,
1388 3671 1439 3714 sine

1279 3729 1347 3775 venia
1367 3728 1437 3785 Supe-

1279 3786 1363 3840 rioris¹
1405 3787 1438 3829 est

1279 3841 1370 3891 trifido.
