3138 5014
144 422 325 506 [470471]
489 446 526 481 ou
541 444 724 481 sscuauuuto
740 445 946 481 raautraurrnn
1171 421 1231 486 983

145 575 326 664 reservatis
352 577 527 662 religiosos
543 577 691 661 quicum
707 576 842 642 licentia
865 578 1056 662 Superioris
1083 579 1171 662 apud
1196 583 1230 642 te

145 659 386 727 confiteantur.
1126 727 1127 732 ,

186 767 217 810 2.
235 743 378 808 Casibus
402 743 439 809 ab
455 745 606 827 Episcopo
627 743 787 808 reservatis
803 763 869 808 non
886 744 1081 808 afficiuntur
1097 744 1229 826 regula·

143 845 212 892 res.
234 823 328 909 Ergo
344 827 445 905 etiam
461 826 653 891 sacerdotes
676 826 846 890 seculares
863 827 918 910 qui
931 827 1072 912 audiunt
1084 828 1230 909 Regula·

145 923 216 974 rem
231 911 284 974 his
299 909 475 974 attendere
490 930 558 973 non
574 910 710 974 debent.

187 1007 217 1073 3.
241 993 338 1078 Quod
365 993 407 1056 ad
433 1013 531 1056 casus
557 991 702 1076 Papulas,
728 992 769 1055 de
790 1012 854 1055 usu
881 992 1038 1057 obtentae
1064 992 1230 1076 generalis

145 1075 316 1139 facultatis
332 1095 373 1139 ex
388 1075 459 1158 ipso
476 1076 567 1139 fonte
593 1081 645 1138 est
670 1074 932 1158 dijudicandum.
1060 1091 1062 1095 ·

186 1155 219 1240 a)
235 1158 271 1222 Si
285 1160 373 1222 enim
382 1161 439 1240 per
454 1158 631 1242 Superiores
646 1158 893 1226 communicata
909 1164 960 1222 est
975 1158 1132 1237 facultas,
1150 1178 1230 1222 con-

144 1241 305 1305 fessarius
331 1241 453 1306 horum
468 1247 615 1304 mentem
632 1243 810 1326 explorare
832 1240 978 1306 debebit.
1001 1243 1047 1304 Et
1069 1242 1230 1306 observes

144 1338 211 1386 non
225 1343 334 1407 posse,
349 1324 437 1406 quod
460 1324 500 1387 ad
516 1322 571 1386 tros
585 1343 684 1396 casua
708 1323 962 1389 Confessarium
989 1325 1124 1388 causari
1139 1325 1231 1388 inde·

145 1405 212 1470 bite
227 1413 385 1488 negatam
402 1406 610 1488 facultatem,
623 1415 662 1472 ut
674 1405 841 1481 absolvat,
856 1413 976 1470 contra
991 1427 1031 1471 ac
1045 1427 1106 1490 pro
1122 1427 1230 1471 reser-

144 1489 233 1556 vatis
249 1489 282 1553 in
298 1489 436 1556 Ordine.
533 1529 559 1562 c,

184 1572 219 1651 b)
236 1573 272 1636 Si
287 1593 307 1640 a
321 1572 359 1640 S.
383 1571 472 1656 Sede,
489 1591 524 1636 v.
546 1591 600 1654 gr.
628 1591 670 1634 ex
696 1573 826 1654 pagella
848 1571 1147 1652 Paenitentiariae,
1165 1572 1229 1636 nisi

144 1654 288 1718 facultas
304 1656 347 1718 ad
360 1656 530 1720 seculares
543 1657 702 1717 restricta
714 1655 825 1734 fuerit,
841 1675 880 1717 ea
892 1656 1016 1737 poterit
1033 1655 1082 1719 uti
1099 1655 1231 1719 confes·

144 1737 258 1801 sarius
271 1737 373 1806 etiam
390 1737 422 1806 in
438 1736 584 1822 gratiam
597 1739 829 1817 Regularium.

185 1823 216 1899 c)
240 1820 275 1884 Si
299 1817 441 1902 denique
457 1823 514 1902 per
538 1819 733 1902 Episcopum,
764 1820 887 1901 requiri
915 1819 1049 1883 videtur
1071 1840 1232 1884 assensus

144 1902 338 1984 Superioris
352 1910 390 1964 ut
403 1922 445 1972 ea
456 1901 619 1964 facultate
633 1903 720 1965 idem
733 1909 862 1966 utatur.
881 1902 950 1966 Cfr.
963 1904 1051 1981 Piat,
1065 1920 1088 1982 1,
1103 1924 1135 1986 p.
1153 1925 1227 1986 422.

184 1986 274 2052 471.
291 1989 344 2048 De
360 1987 510 2048 Casibus
533 1986 780 2048 Clementinis.
801 1986 846 2050 Ut
858 1985 928 2069 jam
951 2005 1054 2066 supra
1077 1986 1227 2050 dedimus

144 2089 176 2131 n.
193 2083 269 2148 417,
287 2068 376 2129 nulla
392 2068 463 2148 lege
486 2069 634 2148 generali
651 2067 873 2149 prohibentur
896 2068 1044 2149 capitula
1067 2067 1229 2131 Ordinum

144 2169 321 2213 reservare
334 2169 445 2212 casus.
456 2149 521 2230 Ipsi
534 2169 616 2213 vero
626 2150 835 2231 Superiores,
850 2169 891 2211 ex
904 2148 942 2212 C.
956 2149 1140 2214 Clementis
1152 2167 1227 2227 vut,

144 2253 211 2295 non
227 2236 369 2314 possunt
380 2233 451 2313 jam
475 2251 653 2294 reservare
676 2231 739 2293 nisi
768 2253 801 2295 11
819 2251 930 2310 casus,
948 2251 1044 2313 quos,
1062 2251 1139 2296 eum
1164 2232 1230 2296 fre·

144 2322 286 2394 quenter
302 2313 368 2376 sint
386 2313 562 2392 reservati,
576 2313 676 2396 juvat
692 2313 745 2376 bic
763 2333 963 2392 memorare,
977 2315 1093 2396 paucis
1107 2315 1229 2378 additis

143 2395 244 2460 notis.
271 2397 323 2459 De
349 2415 465 2459 eorum
491 2402 604 2459 tamen
631 2395 910 2478 interpretatione
936 2398 1125 2478 Regulares
1148 2417 1229 2461 suos

143 2479 283 2560 quisque
295 2479 451 2542 doctores
464 2478 624 2562 probatos
638 2479 849 2561 interrogare
863 2479 1074 2566 potissimum
1093 2479 1228 2556 debent,

142 2583 218 2626 cum
230 2563 266 2626 hi
279 2561 514 2626 existimentur
527 2562 661 2627 tradere
673 2561 809 2626 Ordinis
821 2583 903 2626 usus
916 2583 956 2626 ac
970 2568 1128 2643 mentem,
1144 2583 1230 2645 quae

143 2645 277 2709 variare
293 2651 434 2728 queunt.

183 2730 270 2793 Sunt
283 2729 396 2809 itaque
415 2728 449 2790 hi
463 2747 563 2791 casus
580 2750 587 2792 :

186 2834 213 2874 1.
242 2811 402 2892 Veneficia,
433 2811 656 2873 incantationes
678 2815 706 2873 et
731 2810 903 2896 sortilegia.
928 2813 991 2875 His
1018 2811 1231 2877 declarandis

142 2893 240 2955 hodie
256 2892 474 2973 supersedere
492 2911 684 2972 possumus.

183 2996 213 3037 2.
231 2973 395 3055 Apostasia
409 2994 428 3035 a
441 2973 612 3055 Retr'gione,
632 2975 725 3038 etiarn
741 2981 853 3038 retento
867 2977 987 3041 natira.
1013 2979 1064 3040 De
1079 2978 1144 3041 hoc
1169 2977 1204 3039 cf
1223 3021 1231 3039 .

143 3077 176 3120 n.
238 3073 270 3119 a.

184 3073 393 3218 3÷⁴Noctnrna
404 3135 569 3218 acfnrtr'oa
582 3161 596 3200 e
609 3139 793 3202 monasterio
809 3141 952 3223 egressio.
972 3142 1014 3204 Cl
1016 3161 1043 3204 r.
1059 3162 1093 3205 n.
1110 3156 1187 3220 305.

182 3246 211 3303 4.
230 3218 408 3301 Proprietas
430 3224 536 3281 contra
562 3227 666 3282 uotnnr
683 3224 887 3304 parrpertatis,
915 3224 1053 3304 quaesit
1074 3228 1233 3305 peccatura

142 3302 283 3368 mortale.
301 3301 372 3365 Ctr.
390 3321 424 3366 n.
441 3317 516 3380 271.

182 3407 212 3468 5.
230 3387 452 3470 Jnranrentnrn
462 3383 579 3462 salsum
593 3383 752 3467 injudicio
767 3386 906 3471 regulari
919 3408 971 3450 sen
986 3386 1136 3470 legitimo.

174 3477 404 3560 Jnranren.'rnn,
426 3488 458 3535 ut
478 3477 576 3550 plures
590 3478 704 3550 volunt,
726 3481 812 3538 debet
831 3498 895 3538 esse
913 3476 1070 3538 soltenrne:
1083 3480 1163 3552 quod
1181 3479 1234 3537 liat

140 3565 225 3623 tactis
238 3562 420 3636 Evangeliis,
441 3579 537 3644 cruce,
558 3562 654 3633 altari,
676 3564 722 3621 vet
742 3576 860 3638 pectore
874 3564 1044 3622 sacerdotis.
1061 3563 1234 3637 Requiritur

140 3645 342 3717 assertorum,
363 3665 424 3704 non
444 3643 552 3703 sufficit
567 3648 803 3719 promissorium.

175 3730 312 3803 Falsum,
333 3733 353 3788 i.
379 3749 406 3789 e.
421 3731 468 3790 cui
482 3731 563 3790 deest
582 3732 689 3801 veritas
702 3727 866 3810 sorrrratr's;
880 3742 919 3804 et,
934 3733 1101 3792 secundum
1122 3735 1231 3807 plures,

140 3819 230 3876 etiam
245 3810 423 3876 rnateriatr's.

175 3898 211 3958 In
216 3896 345 3979 judicic,
360 3899 380 3956 i.
400 3916 427 3956 e.
447 3915 548 3954 eoram
564 3897 665 3974 judice
685 3900 801 3974 proprie
820 3901 909 3970 dicto,
931 3918 992 3957 non
1007 3901 1037 3957 in
1052 3900 1134 3974 prius
1152 3899 1231 3959 facta

140 3984 332 4042 instructione
345 3982 396 4040 sed
410 3983 441 4039 in
456 3982 520 4056 ipsa
532 3999 640 4040 causae
654 3983 877 4044 deliberatione.

175 4068 213 4123 Et
223 4067 343 4140 quidem
358 4067 388 4123 in
404 4065 518 4142 judicio
537 4062 684 4138 regniaci,
696 4068 730 4124 n.
743 4086 773 4126 e.
788 4069 958 4128 secundum
974 4087 1037 4126 non
1054 4087 1176 4141 paucos,
1198 4070 1229 4126 in

139 4167 230 4207 causa
252 4158 402 4222 spectante
424 4150 462 4206 ad
482 4148 653 4222 Regulares,
682 4160 710 4206 et
741 4169 841 4209 coram
865 4152 965 4229 judice
990 4152 1229 4228 jurisdictionem

139 4234 268 4291 habente
282 4234 313 4288 in
327 4232 501 4303 Regulares.

174 4311 235 4376 Sea
255 4310 410 4393 legetirno:
428 4332 478 4374 seu
497 4316 647 4390 accipiunt
666 4319 835 4391 copulative
857 4327 889 4378 ut
907 4319 988 4377 idem
1009 4337 1121 4378 sonans
1141 4329 1232 4395 atque

141 4426 154 4455 «
169 4411 198 4462 et
212 4418 241 4471 »;
255 4395 414 4476 legitimo:
434 4401 453 4457 i.
475 4418 500 4458 e.
521 4401 612 4460 etiam
632 4411 780 4475 quatenus
793 4405 865 4461 ordo
881 4403 1077 4481 jurissaltem
1092 4404 1231 4465 substan-

139 4483 247 4541 tialiter
260 4492 401 4540 servetur.

1315 752 1380 814 Quid
1390 752 1417 799 de

1287 812 1412 858 reservatis

1286 870 1316 916 at
1331 869 1431 930 Episco-

1281 930 1328 986 to:

1300 1010 1444 1057 Deresertu·

1287 1069 1318 1113 tr's
1335 1068 1363 1114 S.
1377 1068 1442 1116 Pon·

1287 1123 1366 1186 iper?

1307 2017 1345 2062 De
1354 2018 1446 2066 casitns

1288 2074 1439 2124 Clementinr's

1287 2131 1391 2178 adeundi
1411 2147 1446 2178 ro·

1283 2191 1336 2248 prii
1344 2189 1379 2236 Or
1398 2192 1446 2237 inis

1287 2248 1430 2306 interpretes.

1321 2838 1445 2901 Venuleio,

1286 2903 1339 2952 etc..

1304 2981 1446 3040 Apostasia,

1321 3092 1446 3139 Nocturna

1288 3153 1308 3194 rt
1328 3149 1424 3217 furtiua

1288 3221 1398 3265 egressio,

1297 3290 1447 3349 Proprietas,

1320 3400 1447 3451 Jnramrn·

1289 3462 1337 3504 tum
1360 3456 1449 3513 falsum

1289 3517 1424 3574 injrrdr'ria
