3138 5014
156 433 334 518 [414-415]
499 458 535 492 uis
552 458 726 493 HIERARCBIA
742 457 894 506 munionis
1171 431 1239 493 dl'l

154 590 299 653 firmata.
308 588 474 653 Electioni
487 595 631 672 praeest,
642 609 703 672 pro
713 589 909 652 monasterii
921 589 1128 667 condicione,
1137 590 1238 651 Prae·

154 675 244 734 latus
271 674 448 753 regularis,
471 673 500 734 si
523 672 735 754 regularibus
762 672 806 735 sit
833 671 1025 748 obnoxium,
1053 671 1105 733 sin
1128 670 1238 734 minus

153 753 363 833 OrdinariuS,
389 757 444 837 qui
467 752 569 818 etiam
594 755 757 819 interesse
784 761 896 837 potest
921 754 1141 816 electionibus
1167 755 1238 816 Mo·

153 837 293 900 nasterii
319 838 462 919 exempti
490 839 512 901 1.
541 840 694 916 Praeses,
724 837 854 900 duobus
881 837 1025 918 stipatus
1051 836 1192 899 testibus
1212 838 1235 914 ²,

155 927 266 982 «ante
291 923 517 983 cancellorum
540 922 747 983 fenestellam
770 927 850 982 vota
872 920 1081 1000 singularum
1106 945 1119 975 »
1145 919 1237 981 audit

152 1001 205 1064 vel
221 1002 355 1086 accipit.
376 1004 414 1066 C.
432 1003 525 1067 Trid.
548 1003 625 1067 ibid.
639 1004 690 1065 De
714 1003 766 1066 his
784 1004 845 1067 cfr.
862 1001 1085 1080 Pellizarium,
1102 1002 1151 1063 De
1168 1003 1237 1065 Mo-

153 1083 299 1164 ru'ulilius,
317 1106 347 1150 c.
368 1108 416 1164 10,
434 1107 467 1148 ιι.
485 1090 613 1166 85-116.

191 1169 297 1231 Dotes
313 1169 495 1249 requisitae
517 1169 550 1230 r'u
570 1169 725 1231 Iustitutr's
740 1173 879 1230 uotorum
892 1165 1081 1247 simplicium
1095 1171 1173 1228 sunt
1196 1187 1237 1229 ex
1290 1224 1298 1266 i
1316 1164 1351 1266 ζμ
1368 1165 1443 1267 iqua·-

151 1249 460 1315 Constitutionibus
483 1253 662 1319 eruendae.
687 1251 907 1335 Quandoque,
932 1251 990 1313 sed
1007 1269 1073 1313 non
1090 1268 1232 1331 semper,
1289 1235 1346 1324 ,22⁸
1359 1235 1448 1340 {mir

151 1340 202 1395 est
222 1334 340 1396 electio
356 1355 376 1396 a
393 1335 429 1398 S.
447 1333 533 1398 Sede
549 1334 791 1398 confirmanda.
1288 1337 1359 1386 crum.

189 1414 354 1480 Electioni
372 1417 622 1499 Superiorissae
638 1423 772 1501 praeest
788 1414 1077 1501 Ordinariusloci.

190 1499 287 1581 Quod
317 1499 359 1562 ad
381 1499 528 1562 Instituta
554 1500 731 1563 dioecesana
759 1499 948 1577 mulierum,
978 1497 1017 1562 C.
1042 1497 1193 1562 Conditor
1214 1521 1234 1562 u

151 1579 287 1658 Christo,
305 1602 335 1644 c.
352 1604 379 1659 1,
394 1599 515 1659 mviii,
540 1583 658 1648 tribuit
679 1583 848 1664 Episcopo
867 1583 924 1665 jus
944 1580 1165 1646 confirmandi
1179 1585 1234 1645 vel

150 1662 359 1726 rescindendi
374 1665 581 1734 electionem,
604 1692 616 1720 <i
635 1684 696 1746 pro
713 1665 938 1728 conscientiae
954 1665 1063 1728 officio
1083 1691 1110 1728 ».
1278 1723 1280 1727 .

190 1766 220 1823 3.
236 1745 364 1806 Eodem
387 1747 534 1826 capitulo
557 1766 623 1827 quo
646 1747 832 1827 Generalis,
857 1749 1027 1828 eliguntur
1043 1747 1115 1830 ejus
1131 1747 1232 1810 Assis·
1316 1749 1408 1819 Erectio

109 1891 112 1896 ,
152 1831 244 1889 tentes
260 1847 319 1888 seu
333 1827 550 1890 Deffinitores
566 1831 753 1910 generales
1287 1809 1410 1913 iiiiiism'

189 1933 219 1991 4.
231 1909 329 1992 Quod
341 1910 384 1972 ad
396 1916 527 1972 ceteros
539 1913 714 1974 Praelatos
727 1914 780 1975 vel
794 1912 992 1994 Superiores
1006 1918 1039 1974 et
1051 1911 1231 1992 Officiales,
1311 1903 1446 1993 φωνῇ,

147 1991 232 2054 aliae
249 1992 514 2056 Constitutiones
530 1995 711 2058 instituunt
734 2015 850 2057 eorum
873 1995 1072 2058 electionem
1088 1997 1120 2058 in
1144 1998 1232 2078 capi·
1286 2003 1439 2106 sputorum

147 2075 236 2154 tulis,
252 2074 337 2136 aliae
350 2075 521 2157 Superiori
540 2078 687 2158 generali
704 2079 758 2140 vel
770 2077 966 2158 provinciali
982 2077 1038 2160 jus
1054 2079 1232 2140 conferunt
1287 2059 1430 2166 {ss-fflzffg

146 2177 203 2219 eos
232 2157 437 2237 nominandi,
464 2158 535 2221 sive
561 2180 620 2242 per
657 2180 693 2221 se
719 2161 820 2238 sol08,
852 2159 923 2221 sive
953 2159 1114 2240 requisito
1151 2167 1232 2223 voto
1288 2177 1356 2224 utu.

147 2240 304 2322 Capituli.

169 2435 184 2525 ᾗ
210 2451 247 2510 2.
276 2430 346 2510 De
362 2431 546 2512 Munere
571 2385 856 2537 §opertorum
883 2437 927 2512 et
948 2432 1208 2540 Officr'ulr‘uru

434 2556 477 2638 r'u
498 2557 730 2640 Ordinibus
748 2557 942 2640 vr'roruru

213 2743 239 2806 Ι.
257 2749 311 2808 De
330 2748 582 2826 jurisdictione
606 2753 763 2814 Praelati
787 2753 967 2830 regularis
989 2753 1158 2815 ordinarii

141 2910 265 2976 Sunroz,
278 2915 316 2969 De
328 2916 477 2984 Rotiqi'oue,
498 2919 533 2973 tr.
550 2920 573 2982 8,
586 2919 604 2974 l.
618 2921 641 2983 2,
655 2935 678 2974 o.
691 2921 707 2974 8
720 2934 778 2988 sqq.
789 2933 796 2986 ;
809 2922 1006 2984 Polli'zari'us,
1014 2922 1155 2990 Manuale,
1170 2925 1231 2990 eto,

174 2987 208 3074 il·
220 2989 243 3050 9,
256 3003 279 3041 0·
292 2992 307 3042 3
320 2993 348 3043 et
359 2994 386 3056 4;
399 2996 556 3063 flotarius,
574 2998 662 3053 Ttroot.
676 3015 745 3053 inor.
759 3015 827 3066 regi,
841 2999 859 3051 t.
872 3001 895 3062 3,
908 2998 926 3050 l.
939 2999 962 3062 3,
975 3013 998 3052 o.
1013 3001 1035 3051 1.
1047 3000 1079 3064 2;
1094 3002 1232 3059 Tambu-

173 3065 247 3151 riui,
260 3067 300 3120 Do
307 3067 373 3134 jure
385 3069 528 3139 obtutum,
543 3074 561 3125 t.
571 3075 595 3138 2;
608 3077 626 3127 t.
639 3078 662 3139 3,
675 3077 764 3129 (1.3-4,
783 3078 875 3140 10-16;
892 3080 1003 3140 Boulis,
1020 3081 1060 3134 De
1073 3079 1140 3146 jura
1152 3096 1230 3149 roqu-

174 3141 287 3227 turtum,
298 3158 324 3211 p.
336 3147 359 3209 6,
372 3161 394 3200 s
409 3149 430 3210 l,
443 3163 466 3200 o.
479 3150 494 3202 3
507 3155 536 3203 et
547 3154 578 3215 4;
591 3166 613 3205 s.
626 3154 650 3216 2,
663 3168 686 3205 c.
701 3156 712 3205 i
727 3154 755 3206 et
767 3156 791 3218 2,
804 3169 829 3221 p.
843 3156 961 3220 iro-uu
974 3157 1079 3218 Melet.
1093 3160 1132 3213 De
1150 3159 1230 3214 ordi·-

173 3218 263 3286 rubus,
287 3221 348 3287 eto,
370 3237 397 3277 11.
416 3225 540 3280 italus.
566 3229 628 3294 128;
656 3231 734 3298 Piat,
753 3233 956 3287 Proetectr'oues
978 3233 1054 3299 juris
1083 3236 1230 3301 ruituris,

173 3296 192 3428 q.
204 3298 228 3427 q,
238 3311 265 3443 p.
280 3299 401 3433 §gog-0408,
411 3316 436 3369 p.
448 3304 573 3371 562-593;
593 3307 735 3376 Angelus
756 3324 773 3363 a
794 3310 846 3365 SS.
870 3311 980 3379 Corde,
1002 3313 1143 3379 Manuale,
1168 3313 1229 3378 eto,

175 3532 269 3623 sio.
289 3555 317 3627 ιτ
333 3536 403 3618 Quo
420 3536 558 3619 polleant
573 3541 715 3606 Praelatr'
725 3541 880 3626 regulares
896 3545 1059 3608 ordinario
1067 3551 1227 3629 potestate.
1311 3551 1431 3618 Jiruru-

140 3614 292 3677 Vidimus
304 3638 377 3698 Jam
391 3638 505 3711 n.'401
523 3623 555 3685 in
569 3624 749 3689 Ordinibus
773 3627 923 3690 virorum
947 3629 1068 3706 inesse,
1093 3636 1229 3712 praeter
1282 3669 1440 3714 narramur-

139 3704 342 3776 potestatem
353 3701 589 3785 domruutr'vuru,
604 3709 808 3771 ordinariam
814 3714 996 3790 potestatem
1000 3711 1228 3792 jurisdictionis
1283 3738 1321 3772 ra.

139 3797 198 3858 per
216 3779 404 3871 ‘Summum
429 3787 625 3852 Pontificem
660 3793 955 3857 communicatam.
979 3795 1030 3857 De
1060 3796 1112 3858 his
1142 3816 1228 3877 quae

137 3867 306 3942 pertinent
349 3868 403 3961 ad.
427 3876 630 3952 potestatem
667 3875 909 3939 dominativam
949 3897 1087 3958 agemus
1127 3878 1225 3960 infra,

138 3962 171 4035 n.
188 3960 253 4036 ¹429
270 3966 342 4040 sqq.
360 3950 424 4012 Hic
441 3952 482 4015 de
501 3953 745 4036 jurisdictione,
771 3977 856 4038 quae
872 3959 1030 4037 utriusque
1045 3967 1088 4023 cst
1102 3960 1174 4043 sori
1194 3971 1228 4025 et

140 4034 294 4090 imitatur
305 4032 575 4112 jurisdictionem
591 4039 828 4121 episcopalem.
900 4091 903 4098 .

181 4127 210 4170 2.
244 4109 395 4184 spectatis
422 4127 601 4200 praeterea
620 4121 789 4202 suoriltutes
818 4144 886 4187 non
916 4145 994 4189 raro
1023 4146 1044 4188 a
1073 4128 1109 4192 S.
1142 4127 1228 4191 Sede
1303 4123 1438 4230 mam

165 4318 171 4353 1
185 4319 215 4366 C.
228 4319 391 4376 [nuruum.
408 4327 521 4388 Gregori
533 4343 577 4387 xv,
593 4337 657 4380 1622.
1283 4312 1343 4346 rum*

166 4393 177 4427 ’Ξ
188 4392 218 4439 C.
234 4391 307 4452 Quia
315 4401 435 4454 propter,
446 4399 483 4445 Dr
493 4399 553 4448 elect.
567 4399 595 4448 in
606 4409 641 4450 60.

1283 3611 1356 3656 rioms
1375 3609 1440 3656 ordi·
1548 3597 1549 3616 ³
