3142 5004
174 349 352 431 [314-315]
432 371 466 405 ur
484 369 715 404 OBLIGA'rlon'lBtts
731 369 867 404 aeuioiosr
885 371 1011 405 ruoress
1200 352 1258 412 ¹183

196 511 366 588 raecept0,
391 506 444 567 vel
463 504 499 580 si
514 503 703 585 aliquorum
721 502 911 584 praesentia
927 502 1118 583 requiratur
1134 504 1176 567 ad
1199 505 1258 568 ha-

171 526 319 651 bendum
333 587 487 664 chorum,
501 587 555 648 vel
571 586 712 666 denique
729 606 770 666 ne
786 605 891 665 grave
906 585 1036 648 oriatur
1049 588 1256 654 scandalum.

213 673 330 735 Potest
344 676 493 732 ceterum
508 689 566 751 per
579 668 670 750 ipsos
682 668 826 731 Nautius
838 667 998 748 obligatio
1011 669 1105 732 chori
1118 672 1256 751 expleri.

213 777 243 834 3.
262 753 358 836 Quod
376 751 418 814 ad
432 751 591 833 objectura,
606 751 767 830 obligatio
783 750 1038 832 complectitur:
1055 755 1087 830 a)
1104 752 1257 816 Officium

171 837 235 900 diei
248 835 431 898 secundum
444 834 669 898 calendarium
682 833 816 895 Ordinis
829 835 1013 914 proprium,
1031 835 1059 896 si
1080 835 1255 913 habeatur,

170 921 223 982 sin
241 919 350 982 minus
366 938 543 982 commune
559 916 744 993 Dioecesis,
769 915 890 977 additis
911 915 1028 978 officiis
1045 935 1129 996 quae
1146 919 1256 998 Regu·

170 1002 297 1066 laribus
322 1001 355 1063 in
379 1001 433 1064 illa
458 998 601 1062 dioecesi
630 997 916 1061 commorantibus
940 1005 1018 1060 sunt
1041 999 1256 1081 peculiariter

173 1087 383 1161 concessa13

213 1169 247 1247 b)
283 1165 427 1245 Officium
459 1164 682 1245 defunctorum,
715 1163 747 1226 iii
778 1183 894 1226 eorum
924 1164 1254 1241 commemoratione,

171 1250 355 1331 litaniasque
384 1251 417 1312 in
446 1247 532 1310 festo
563 1247 598 1310 S.
629 1247 736 1310 Marci
766 1254 800 1309 et
828 1245 860 1308 in
891 1245 997 1308 tribus
1028 1248 1256 1328 Rogationum

170 1332 326 1409 diebus3·
586 1356 588 1360 ’
1087 1373 1090 1376 -
1138 1353 1141 1360 ’

210 1419 241 1494 c)
257 1413 401 1496 Officium
417 1418 552 1496 parvum
574 1413 690 1474 Bautae
711 1411 834 1474 Martae
853 1410 1003 1503 Virginis,
1021 1411 1164 1474 Psalmos
1180 1430 1255 1492 gra-

169 1498 286 1575 duales,
304 1495 449 1575 Offiaaai
465 1494 688 1574 defunctoriun,
706 1494 822 1557 diebus
838 1493 894 1573 qui
909 1495 1101 1557 indicantur
1117 1496 1149 1558 in
1173 1495 1256 1557 Bre-

169 1580 288 1654 viari0,
306 1581 369 1641 hac
386 1587 499 1640 tainen
515 1579 668 1640 ratione:

1313 807 1316 814 Ι
1340 748 1466 808 Oltjretaai.

212 1665 243 1740 α)
262 1661 432 1740 Obligatio
454 1660 539 1722 ebori
561 1679 619 1740 per
636 1679 672 1720 se
694 1659 789 1719 adest
806 1658 844 1735 si,
864 1664 975 1720 aetate
998 1660 1034 1723 S.
1055 1661 1104 1723 Pil
1121 1676 1155 1737 V,
1172 1679 1254 1722 usus
1310 1661 1313 1669 '

171 1750 246 1805 erat
270 1741 434 1804 recitandi
457 1743 541 1804 haec
564 1741 674 1802 officia
689 1742 742 1802 vel
764 1742 927 1818 Psalmos;
946 1737 978 1823 (t)
996 1745 1062 1804 Pro
1086 1743 1124 1805 iis
1141 1751 1254 1804 tamen

173 1827 228 1905 qui
251 1826 394 1887 Romano
417 1824 579 1886 Bi'eua'ara'o
601 1831 754 1897 utuntur,
780 1822 940 1902 obligatio
963 1825 1253 1887 circumscribitur

80 1957 82 1961 ,
170 1907 290 1970 Officio
307 1908 347 1969 Β.
365 1907 412 1969 Μ.
434 1907 470 1970 V.
488 1911 518 1994 γ)
536 1907 571 1970 Si
585 1913 702 1988 postea
718 1907 926 1967 consuetudo
950 1907 1101 1987 obligans
1118 1908 1255 1969 inducta

170 1997 232 2063 est,
253 1990 336 2051 haec
354 1990 483 2050 servari
497 1989 595 2051 debet
607 1989 791 2050 secundum
809 1989 1060 2051 consuetudinis
1076 1990 1252 2052 ambitum.

170 2072 225 2136 Sic
248 2071 317 2134 fere
341 2072 544 2149 Lelimkuhl,
568 2089 604 2149 11,
629 2077 700 2148 622,
724 2091 765 2132 eir
788 2071 905 2133 Const.
929 2070 965 2133 S.
989 2072 1038 2134 Pii
1060 2089 1093 2147 v,
1125 2072 1254 2154 Quodn

169 2153 265 2232 autu,
283 2176 301 2218 2
318 2153 395 2217 maii
414 2160 503 2233 1568.

210 2238 253 2299 ΙΙ.
271 2241 323 2298 De
338 2239 451 2298 Missa
465 2237 703 2299 conventuali.
717 2237 848 2297 Recens
862 2235 953 2298 decr.
968 2236 1003 2298 S.
1019 2235 1087 2298 Rit.
1103 2234 1230 2316 Congr.
1243 2235 1254 2264 ²

170 2319 233 2381 hoc
250 2319 348 2382 modo
361 2319 545 2382 declaravit
561 2319 649 2380 hanc
665 2318 924 2399 obligationem:
1028 2393 1033 2402 s

215 2424 241 2465 1.
256 2403 394 2465 Secluso
406 2402 483 2484 jure
496 2400 747 2464 consuetudinis
761 2402 814 2462 vel
827 2400 1127 2477 Constitutionum,
1142 2400 1253 2481 Regu-

168 2487 257 2546 lares
271 2491 429 2547 tenentur
441 2483 580 2568 tegenda,
595 2492 747 2567 tempore
763 2505 782 2545 a
795 2484 938 2547 rubricis
951 2485 1173 2567 praescript0,
1191 2504 1253 2547 uua

168 2568 272 2632 Missa
290 2567 507 2631 conventuali
523 2588 609 2648 quae
626 2568 827 2650 respondeat
842 2568 961 2631 Officio
977 2567 1052 2630 diei.

207 2652 244 2713 In
260 2655 325 2713 hac
342 2651 445 2714 Missa
461 2651 640 2727 omittitur,
659 2651 775 2714 diebus
792 2651 887 2714 festis
900 2663 946 2715 2²⁰
963 2650 1096 2728 classis,
1108 2669 1252 2713 comme·

169 2736 314 2796 moratio
331 2734 491 2815 simplicis
505 2736 558 2796 vel
574 2735 639 2797 diei
654 2733 741 2796 inira
757 2745 926 2796 octavam.

208 2838 238 2877 2.
258 2817 426 2896 Obligatio
441 2836 507 2878 non
524 2817 652 2878 tollitur
665 2819 738 2880 aliis
752 2817 862 2878 Missis
879 2835 963 2896 quae
980 2816 1022 2877 ob
1039 2815 1251 2878 fundationes

168 2899 221 2954 vel
238 2916 279 2956 ex
295 2898 454 2974 peculiari
472 2898 506 2958 S.
525 2899 620 2960 Sedis
636 2899 764 2961 indulto
780 2905 892 2960 essent
908 2898 1091 2962 canendae.

209 2995 239 3052 3.
257 2976 359 3036 Missa
383 2978 610 3052 Rogationum
627 2981 828 3043 celebranda
850 2987 901 3042 est
924 3001 944 3041 a
966 2981 1203 3060 Regularibus‚
1223 2981 1250 3043 si

168 3057 302 3140 publica
314 3056 480 3116 habeatur
495 3060 705 3138 supplicatio

209 3139 297 3204 315.
323 3140 498 3198 Moniales
522 3159 606 3219 quae
629 3141 669 3201 ad
692 3145 860 3221 antiquos
889 3145 1042 3204 Ordines
1068 3144 1250 3226 pertinent,

167 3223 224 3284 sed
242 3225 274 3283 in
292 3219 462 3283 nonnullis
476 3221 679 3300 regionibus,
694 3231 731 3284 ut
748 3225 780 3285 in
798 3227 923 3303 Belgio
940 3232 973 3286 et
989 3225 1021 3286 in
1038 3227 1166 3304 Gallia,
1185 3246 1251 3288 non

168 3380 234 3386 -ῄ
241 3378 324 3384 ..—--
336 3375 523 3382 „aon-m-

195 3471 258 3517 ¹Ita
269 3470 296 3518 S.
315 3467 430 3517 Rituum
442 3464 635 3530 congregatio¹
648 3483 675 3515 22
689 3466 738 3525 jul.
758 3475 821 3525 1848.
839 3469 938 3516 Decreta
954 3471 1031 3524 auth„
1049 3484 1076 3516 n.
1094 3477 1159 3528 2964.
1175 3471 1253 3518 Prae·

166 3532 249 3581 terea,
262 3528 289 3575 in
301 3531 442 3586 comperto
457 3522 692 3591 esthegularibus
703 3524 896 3590 celebrandum
913 3541 980 3582 esse,
997 3528 1044 3574 sed
1060 3526 1119 3574 sine
1134 3536 1251 3578 octava:

165 3585 217 3632 sub
227 3586 281 3633 ritu
292 3584 396 3644 duplici
408 3601 416 3630 r
427 3584 531 3638 classis,
542 3595 721 3647 praecipuum
731 3585 782 3630 toci
793 3591 938 3641 patronum
948 3588 988 3632 vel
999 3586 1142 3641 dioecesiS,
1155 3587 1176 3632 si
1191 3601 1251 3644 par·

165 3643 290 3692 ticularis
298 3657 352 3690 non
362 3637 488 3697 habetur,
499 3654 605 3689 necnon
617 3642 752 3687 titularem
762 3642 1069 3690 Ecclesiaecathedralis
1080 3657 1086 3699 ;
1097 3651 1130 3691 et.
1148 3644 1175 3690 in
1185 3643 1253 3692 urbe

165 3701 324 3761 episcopali,
338 3700 389 3748 sub
401 3700 455 3748 ritu
467 3699 569 3759 duplici
580 3699 704 3763 aclassis,
717 3699 918 3763 dedicationem
929 3702 1067 3748 Ecclesiae
1076 3701 1250 3751 cathedralis.

166 3760 193 3808 Si
207 3760 233 3805 in
246 3761 306 3806 loco
317 3761 409 3819 plures
425 3758 526 3822 tuerint
541 3762 648 3816 patroni
660 3770 752 3821 aeque
763 3760 938 3815 principales,
951 3759 1048 3815 singuli
1061 3765 1124 3806 siint
1135 3773 1151 3807 a
1163 3761 1251 3819 Regu·

166 3816 271 3864 laribus
289 3815 461 3872 celebrandi;
481 3830 503 3862 si
525 3829 589 3862 vero
608 3814 641 3862 de
660 3827 714 3861 uno
732 3821 787 3861 sint
806 3817 885 3873 ptura
904 3816 980 3872 festa,
1002 3818 1150 3875 Regulares
1167 3832 1251 3866 unum

165 3874 331 3930 sollemnius,
345 3875 362 3921 i.
377 3889 400 3922 e.
418 3873 575 3922 natalitium
589 3874 718 3927 recolent,
731 3873 781 3919 nisi
794 3871 845 3937 sub
857 3880 972 3933 iitroque
983 3882 1129 3932 praecepto
1140 3875 1252 3923 ‘Missae

165 3937 191 3977 et
202 3932 341 3991 requietis]
362 3932 416 3979 sint
427 3932 573 3986 servanda:
589 3937 653 3978 tunc
669 3931 741 3978 enim
758 3931 793 3978 ad
805 3932 852 3978 illa
862 3932 1025 3980 celebranda
1037 3932 1088 3990 ipsi
1102 3934 1251 3990 Regulares

165 3987 322 4052 adiguntur.
337 3990 472 4049 Denique,
482 3990 555 4048 quod
564 3989 600 4036 ad
611 3988 811 4036 dedicationem
823 3991 949 4049 propriae
959 3991 1109 4048 Ecclesiae,
1122 3990 1251 4041 distincta

164 4046 314 4094 celebratio
331 4047 510 4094 anniversarii
527 4047 741 4094 consecrationis
757 4050 799 4094 vel
815 4045 1015 4095 benedictionis
1031 4049 1097 4107 ipsis
1117 4050 1249 4105 aufertur,

164 4106 196 4160 si.
211 4112 240 4154 ut
251 4105 279 4151 in
290 4103 384 4162 Belgio
400 4111 426 4152 et
441 4104 469 4168 in
486 4105 585 4160 Gallia,
600 4105 869 4170 'comprehenduntur
882 4106 991 4154 Indulto
1002 4120 1056 4166 quo
1073 4107 1191 4154 dioecesi
1209 4111 1250 4156 vel

165 4163 294 4211 Instituto
315 4175 468 4209 communis
492 4163 652 4210 conceditur
672 4161 822 4211 celebratio
846 4163 1028 4212 dedicationis
1053 4165 1249 4213 Ecclesiarum.

165 4222 244 4269 Haec
254 4233 336 4267 nunc.
353 4220 507 4279 suppressis
521 4219 661 4280 prioribus
672 4220 804 4278 Decretis,
821 4221 955 4270 habemus
965 4236 997 4270 ex
1009 4223 1089 4280 Decr.
1102 4237 1162 4285 gen.
1176 4225 1194 4273 S
1216 4225 1249 4272 R.

164 4280 195 4327 C.
208 4298 222 4337 9
230 4279 279 4338 jul.
295 4284 357 4337 1895.
371 4278 473 4325 Decreta
482 4279 622 4330 authentica,
636 4293 663 4326 n.
676 4286 742 4326 3863.

192 4351 310 4399 soiiraa
322 4350 466 4407 authentica,
476 4363 502 4396 n.
519 4355 582 4407 3757.
597 4350 638 4399 De
649 4349 675 4399 vi
688 4349 766 4398 istius
775 4350 886 4411 decreti,
897 4351 946 4401 cfr.
959 4353 1090 4409 ttoattore,
1101 4366 1147 4412 xii,
1160 4369 1186 4415 p.
1198 4369 1247 4415 274.

1336 2252 1372 2298 Da
1386 2252 1414 2298 M
1417 2255 1466 2301 issa

1306 2311 1452 2358 convintuatt'

1306 2420 1455 2482 Quotidiano

1333 2993 1371 3039 Dc
1383 2993 1412 3039 M
1414 2994 1463 3038 issa

1291 3050 1461 3110 Rogatianum.

1333 3158 1455 3216 Obligatto

1305 3217 1331 3264 M
1336 3218 1451 3264 antatium

1306 3277 1330 3320 ta
1341 3275 1433 3332 Belgio.
