3142 5004
135 981 271 1049 ¹Utriusque

113 1054 150 1107 uss
171 1054 272 1104 comnin-

114 1111 162 1148 ms.
211 1110 214 1118 ¹

127 1369 274 1436 Quibusnam

112 1435 145 1474 sit
167 1441 195 1475 ex
220 1434 273 1476 voto

111 1483 274 1534 obediendum?

140 1567 255 1615 Proetoto

113 1625 225 1684 regulari,

136 2137 268 2198 Superiori.

331 401 390 464 170
620 427 686 462 rans
702 413 827 474 ousiae.
840 427 935 463 suono
951 427 990 463 111.
1008 426 1098 462 canor
1113 427 1133 463 11

332 560 409 639 Sed,
425 568 567 644 excepto
580 568 759 626 contractu
772 562 1022 640 matrimoniali,
1037 561 1090 626 ille
1103 563 1158 643 qui
1170 563 1324 626 sollemni
1337 574 1416 628 voto

331 651 468 706 tenetur
502 646 583 708 nulii
615 646 776 728 peculiari
810 645 975 710 obnoxius
1005 652 1055 708 est
1090 645 1306 708 inhabintati.
1344 648 1414 711 Ct'r.

330 727 381 792 De
405 727 514 805 Buck‚
538 727 682 809 Epistola
706 728 742 795 de
766 727 980 804 sollemnitate,
1005 735 1070 792 etc.
1094 748 1127 811 p.
1152 735 1264 810 59·64;
1292 730 1414 793 Lehm-

331 809 425 888 kubt,
440 827 463 886 1,
478 830 549 893 534,
564 820 598 872 ct
614 812 708 888 alios,
727 817 846 874 contra
860 811 1000 888 Suarez,
1015 831 1069 894 op.
1083 831 1111 872 c.
1129 819 1172 873 tr.
1188 832 1218 893 7,
1233 815 1255 874 l.
1270 835 1300 891 2,
1319 833 1348 876 c.
1366 835 1412 892 13,

330 911 363 954 n.
381 898 412 970 8,
430 912 528 972 quem
544 894 654 970 adbuc
668 895 820 977 sequitur
836 895 877 956 R.
894 895 931 957 P.
947 894 1033 967 Fiat,
1051 901 1076 956 t.
1099 915 1124 971 1,
1143 916 1175 976 p.
1194 917 1266 977 294.

333 1031 336 1038 .
370 997 399 1038 2.
418 976 531 1058 Quare
554 978 740 1040 communis
763 976 939 1056 utriusque
954 977 1104 1039 efficacia
1120 977 1186 1038 huc
1203 984 1346 1060 spectat,
1364 991 1411 1053 ut,

328 1057 361 1120 in
379 1058 479 1120 bisin
503 1059 623 1139 quibus
646 1059 745 1122 debet
761 1059 950 1140 Religiosus
963 1079 1093 1142 parere,
1115 1068 1260 1140 nequeat
1283 1061 1415 1122 firmam

329 1143 533 1205 contrahere
549 1141 801 1223 obligationem.
828 1144 935 1205 Immo
963 1143 1069 1224 possit
1097 1141 1259 1224 Superior
1282 1144 1353 1224 jam
1380 1144 1414 1206 in

328 1232 542 1288 antecessum
560 1237 676 1287 vetare
702 1235 830 1300 actum,
849 1224 904 1304 qui
921 1232 1001 1288 tunc
1018 1225 1081 1287 erit
1108 1225 1151 1287 ab
1178 1225 1272 1288 initio
1289 1229 1412 1288 nutius.

370 1306 530 1371 Similiter
542 1313 612 1370 voto
623 1306 762 1391 religiosi
775 1327 833 1392 per
857 1327 894 1368 se
916 1310 1043 1384 vatent,
1069 1308 1133 1369 sed
1149 1308 1313 1370 infirmari
1337 1327 1412 1388 pos·

329 1400 408 1452 sunt
423 1409 444 1454 a
460 1390 629 1453 Praetat0.

332 1513 336 1518 -
369 1473 460 1538 290.
477 1475 529 1534 Ex
546 1483 632 1535 voto
647 1471 858 1535 obedientiae
875 1473 1050 1552 religiosus
1067 1491 1191 1551 parere
1208 1473 1334 1534 debet:

372 1577 400 1618 1.
417 1554 458 1617 Ei
471 1556 619 1617 Proetoto
630 1553 819 1618 hierarchice
828 1557 883 1635 qui
893 1556 966 1637 ipsi,
977 1575 1043 1636 qua
1056 1553 1204 1637 regulari,
1219 1555 1412 1616 dominatur

328 1643 496 1718 potestate
504 1637 760 1718 jurisdictionis.
774 1639 806 1700 Is
822 1649 884 1714 est,
898 1641 987 1718 quod
1000 1640 1042 1700 ad
1058 1637 1200 1700 Ordines
1215 1645 1249 1698 et
1262 1636 1412 1718 Congre-

328 1719 481 1800 gationes
494 1721 581 1801 juris
597 1721 770 1804 pontificii,
788 1721 823 1784 S.
842 1720 1009 1799 Pontifex,
1036 1721 1098 1784 SS.
1122 1719 1413 1800 Congregationes

325 1802 573 1884 Episcoporum
589 1810 622 1865 et
637 1805 857 1884 Regularium
874 1806 927 1866 vet
942 1804 1027 1866 aliae
1052 1822 1138 1884 quae
1162 1804 1195 1864 in
1218 1802 1319 1864 rebus
1340 1822 1412 1864 ver·

327 1891 446 1946 santur
458 1886 688 1966 Regularium,
713 1897 746 1949 et
770 1886 947 1951 Praelatus
963 1885 1127 1966 regutaris
1143 1888 1264 1947 saitem
1279 1904 1411 1976 exemp·

327 1974 397 2045 tus3
416 1969 503 2047 quod
520 1970 563 2030 ad
585 1970 746 2032 instituta
769 1969 981 2046 dioecesana,
1005 1970 1106 2031 etiam
1123 1969 1322 2049 Episcopus.
1341 1967 1410 2048 er.

326 2051 405 2112 Aeta
421 2051 515 2114 Cone.
533 2051 692 2113 Aeteerr'eoe
707 2051 833 2130 letinae,
849 2073 881 2113 n.
900 2074 971 2131 331.

368 2156 398 2198 2.
418 2133 474 2196 Eis
490 2134 545 2216 qui
562 2134 695 2197 interno'
711 2136 861 2199 instituti
877 2141 930 2196 vet
957 2133 1074 2196 domus
1099 2132 1252 2213 regimini
1273 2153 1411 2214 praepo·

327 2225 475 2281 nuntur:
509 2218 622 2298 itaque
645 2217 817 2300 Superiori
835 2217 992 2297 religioso
1015 2218 1150 2299 proprie
1181 2216 1283 2292 dicto,
1311 2224 1411 2294 atque

325 2299 427 2361 etiam
445 2299 485 2364 irs
508 2300 707 2380 quibuscum
731 2299 893 2382 Superior
916 2316 1012 2361 suam
1037 2298 1297 2360 communicarit
1320 2309 1411 2380 pote-

239 2426 243 2431 .
326 2388 447 2444 statem
475 2402 514 2445 ea
541 2385 671 2445 ratione
698 2403 738 2446 ac
763 2383 861 2445 modo
889 2376 1023 2462 quibuS,
1048 2383 1232 2443 secundum
1256 2394 1413 2462 receptos

138 2887 246 2933 Potestas

105 2944 265 3004 praecipiendi

108 3003 135 3048 in
155 3004 240 3050 virtute

109 3058 258 3108 obedientiae.

278 2504 281 2508 -
325 2483 418 2542 usus,
438 2465 499 2546 ipsi
513 2472 565 2526 est
581 2465 703 2528 visum.

324 2605 332 2614 ·
361 2569 441 2628 Usus
461 2571 559 2643 potius
578 2581 621 2627 est
641 2581 672 2627 ut
692 2573 727 2628 iis
745 2573 795 2645 qui
816 2589 876 2628 non
897 2581 1038 2645 praesunt
1058 2570 1161 2627 domui
1182 2587 1241 2625 non
1262 2567 1298 2623 sit
1311 2567 1411 2622 stricte

323 2673 359 2712 ex
379 2665 447 2711 voto
467 2656 746 2728 obtemperandum.
762 2657 873 2736 Possit
893 2668 995 2712 tamen
1022 2656 1051 2711 in
1076 2656 1111 2711 iis
1135 2654 1226 2726 ipsius
1244 2650 1411 2722 Superioris

322 2741 492 2809 auctoritas,
507 2741 592 2797 etsie
607 2744 708 2797 uotum
721 2741 834 2803 violari.

366 2851 479 2933 Quare
503 2855 684 2932 potestatem
714 2851 938 2934 praecipiendi
966 2850 998 2912 in
1028 2848 1139 2910 uirtute
1167 2867 1193 2908 s.
1224 2843 1411 2906 obedientiae

324 2933 449 2996 habent
478 2935 579 2995 etiam
606 2935 768 3017 Superior
799 2937 850 2996 vel
881 2931 1111 3016 Superiorissa
1137 2927 1411 3009 congregationis

325 3036 391 3078 non
410 3023 597 3098 exemptae.

325 3173 329 3178 ,
360 3115 516 3187 Observes,
534 3127 688 3191 praecepta
704 3117 734 3174 in
746 3118 852 3175 virtute
862 3117 1049 3174 obedientiae
1061 3133 1120 3172 non
1133 3131 1251 3187 semper
1261 3111 1359 3170 reterri
1374 3112 1412 3169 ad

263 3211 268 3216 '
324 3212 426 3258 votum
439 3202 519 3275 prius
532 3199 655 3258 sactum.
671 3199 854 3278 Hujusmodi
868 3210 1024 3274 praecepto
1039 3201 1166 3272 exigitur
1176 3198 1299 3272 quaevis
1312 3197 1410 3254 debita

136 3569 244 3617 Materia

109 3629 160 3674 eoti
170 3633 267 3678 remoto.

324 3287 502 3346 obedientia.
515 3286 614 3360 Atque
626 3287 666 3342 ita
685 3303 798 3357 recens,
815 3285 846 3345 S.
860 3285 1108 3358 congregationis
1121 3283 1246 3341 Concilii
1259 3283 1408 3338 decretum

326 3366 597 3450 Vigilantistode'e,
614 3387 654 3444 23
679 3371 751 3427 maii
779 3371 857 3444 1893,
884 3371 920 3426 de
947 3369 1108 3426 Missarum
1136 3367 1299 3442 stipendiis,
1320 3381 1410 3437 grave

323 3455 456 3512 continet
469 3454 654 3511 obedientiae
670 3469 860 3527 praeceptum
874 3455 965 3536 eriam
986 3453 1069 3508 laicis
1083 3453 1266 3508 intimatum.

366 3553 457 3617 291.
485 3554 635 3614 Materia
667 3563 805 3616 remota
829 3553 837 3579 ¹
861 3551 933 3614 voti
963 3549 1157 3613 continetur
1187 3549 1226 3611 iis
1257 3546 1411 3610 omnibus

324 3652 410 3716 quae
428 3637 481 3696 vel
503 3632 640 3715 explicite
657 3638 774 3714 regula
797 3635 1010 3708 exhibentur,
1029 3637 1082 3694 vel
1098 3631 1248 3693 reductive
1273 3633 1315 3692 ad
1338 3650 1412 3691 eam

325 3723 508 3799 pertinent,
526 3724 693 3796 quatenus
709 3719 751 3779 ad
764 3718 1016 3779 observantiam
1030 3715 1167 3796 regulae
1180 3717 1299 3776 saltem
1315 3713 1411 3774 valde

324 3802 391 3862 sint
427 3799 686 3861 convenientia:
712 3801 759 3862 ita
782 3812 901 3865 mutua
922 3799 1095 3878 obsequia,
1124 3817 1277 3877 congrua
1305 3813 1412 3876 poena

324 3881 467 3944 delictis
486 3882 622 3943 Vouent
639 3883 726 3944 enirn
743 3883 889 3962 retigiosi
907 3881 1131 3944 obedientiam
1146 3877 1310 3941 seeundum
1324 3895 1412 3939 suem

324 3962 499 4046 regolarem
522 3964 788 4027 conversationen.
807 3967 843 4030 S.
860 3966 1022 4041 Thomas,
1048 3985 1077 4041 2,
1102 3985 1131 4041 2,
1150 3982 1182 4043 q.
1203 3984 1271 4044 104,
1296 3967 1362 4022 art.
1380 3977 1410 4038 5,

327 4055 369 4110 ad
385 4069 413 4126 3.
616 4050 617 4054 ’
707 4065 709 4070 ·

366 4130 606 4192 Excludontur
621 4148 702 4210 ergo
717 4152 723 4192 :

326 4295 669 4307 -—-——-—--....-.—-—-.-.....-

357 4392 364 4425 ¹
378 4389 419 4435 De
427 4387 479 4436 bac
490 4388 539 4437 cir.
553 4386 725 4447 potissimum
737 4384 869 4444 Sanchez,
882 4388 899 4434 l.
913 4400 937 4434 c.
950 4400 973 4434 c.
985 4404 1006 4433 2.

1559 435 1565 508 l
