3148 5004
141 208 238 290 [232]
390 229 427 264 oa
443 211 678 265 oaaresrrorvraus
693 227 830 262 nsrrcrcsr
847 228 973 263 rnorsssr
1016 253 1020 262 .
1166 207 1224 270 139

179 365 256 426 Huc
273 360 394 426 referri
411 367 523 444 potest
546 362 620 442 ipsa
643 363 695 423 lex
717 363 757 424 de
780 362 913 426 silentio
936 364 1115 427 servando
1143 364 1224 426 Pro-

139 447 239 521 iecto,
257 465 356 508 nemo
373 445 510 524 negabit
526 445 673 525 aliquam
687 445 811 507 silentii
828 447 1035 527 disciplinam
1061 445 1225 526 religiosis

141 529 259 592 studiis
283 527 421 590 omnino
437 526 576 607 requiri.
602 527 792 610 Quamnam
814 535 940 606 autem,
959 529 990 605 id
1005 529 1169 604 habemus
1185 551 1226 592 ex

142 613 270 693 regula.
287 611 387 673 Hanc
401 627 483 690 ergo
499 610 527 672 si
544 609 707 690 negligas,
724 610 781 672 vix
797 611 905 673 aberit
921 613 1031 692 culpa.

182 697 330 774 a.Atque
347 693 439 776 ipsae
451 711 507 754 res
519 691 736 774 indifferentes,
745 713 831 774 quae
844 696 961 774 regula
976 701 1224 776 proponuntur,

105 787 108 792 '
142 795 260 860 reapse
283 777 433 838 evadunt
456 775 601 858 positive
626 775 746 854 bonae,
771 784 805 838 et
832 796 910 856 pars
929 777 1000 859 jam
1027 785 1106 840 sunt
1131 777 1227 840 istius

142 880 179 922 re
224 858 307 922 ‘laris
321 857 560 920 observantiae
573 878 671 938 quae,
680 857 707 920 si
720 858 804 922 bene
817 859 1038 937 custodiatur,
1050 867 1227 942 tantopere

143 963 177 1005 re
194 951 247 1004 ert
262 943 304 1004 ad
321 960 450 1024 pacem,
465 941 643 1004 caritatem
657 950 690 1002 et
702 941 968 1008 aedificationem
986 953 1150 1022 mutuam,
1165 964 1227 1006 nec

143 1033 254 1108 potest
270 1022 467 1117 parvipendi
483 1023 563 1103 quin
580 1025 617 1086 dc
635 1024 724 1086 bono
741 1025 910 1086 communi
930 1025 1142 1089 detrahatur.
1156 1027 1228 1106 Age

143 1125 237 1182 veru,
255 1127 323 1186 qur,
340 1125 412 1168 sine
427 1104 553 1188 speciali
576 1107 718 1183 ratione,
734 1103 796 1172 has
813 1106 1041 1168 ordinationes
1056 1111 1235 1189 transgre-'

144 1191 233 1252 ditur
246 1190 277 1252 id
289 1189 359 1269 agit
373 1189 460 1250 unde
475 1191 578 1264 buius
591 1189 829 1251 observantiae
843 1189 951 1251 minor
964 1190 1022 1251 fiat
1037 1191 1228 1254 aestimatio

144 1277 245 1352 atque
257 1291 349 1334 usus.
368 1273 499 1334 Rursus
515 1283 630 1334 autem
643 1271 790 1333 naturali
807 1273 880 1352 lege
896 1272 1114 1353 prohibemur
1127 1273 1228 1336 derri-

146 1375 192 1417 mr
202 1361 296 1416 ntum
316 1353 439 1416 afferre·
453 1356 541 1415 bono
558 1355 739 1416 communi.
758 1354 856 1437 Quid,
872 1354 960 1432 quod
983 1355 1052 1435 jam
1067 1367 1228 1438 paternae

145 1435 263 1515 doinus
278 1437 454 1518 disciplina
467 1432 688 1500 filiisfamilias
702 1437 825 1498 dicitur
840 1437 1029 1514 servanda?

185 1520 362 1582 Hactenus
379 1521 419 1580 de
432 1520 613 1582 violatione
630 1539 716 1599 quae
732 1519 775 1581 sit
791 1523 949 1602 apparens.

185 1625 215 1682 3.
233 1601 347 1665 Etiam
361 1612 474 1664 autem
488 1602 516 1663 si
527 1601 609 1663 solas
621 1613 654 1662 et
668 1600 747 1664 elain
759 1602 891 1678 feceris,
906 1603 1042 1682 regulae
1058 1603 1230 1666 exsecutio

144 1683 195 1748 est
223 1685 392 1766 objectum
419 1682 497 1746 boni
517 1684 668 1766 propositi
695 1685 783 1763 quod
812 1684 1006 1763 frequenter
1032 1695 1229 1752 renovatur.

143 1769 217 1852 Jam
245 1786 338 1845 ver0‚
363 1767 406 1829 ob
430 1769 538 1829 levern
556 1787 694 1829 causam
710 1767 835 1829 bonurn
851 1768 1006 1830 deserere
1022 1769 1231 1850 propositum

143 1850 285 1913 venialis
308 1849 463 1930 arguitur
479 1849 727 1912 inconstantiae
752 1850 773 1910 ².
793 1850 909 1926 Immo,
928 1869 1039 1913 nonne
1056 1871 1096 1911 ea
1112 1859 1232 1913 saltem

143 1932 338 1999 observatio
362 1952 448 2012 quae
471 1944 524 1993 est
540 1933 705 1993 bonorum
723 1932 956 2012 religiosorum
973 1933 1075 1994 tacite
1091 1940 1144 1995 est
1156 1953 1232 2014 pro·

1313 1621 1420 1668 occultae.

144 2016 246 2080 missa
262 2015 294 2077 in
318 2017 389 2096 ipso
413 2015 592 2094 ingressu?
616 2013 735 2076 Nonne
759 2015 938 2095 ejiceretur
964 2015 1112 2077 novitius
1137 2017 1232 2096 cujus
1284 2094 1285 2097 Ἴ

146 2097 321 2180 patefieret
337 2099 470 2159 animus
483 2099 523 2158 de
540 2100 603 2159 hac
620 2098 676 2158 via
691 2097 822 2176 piorum
839 2095 1046 2159 decedendi?
1102 2146 1103 2150 ,

187 2203 217 2260 4.
236 2182 310 2241 Non
327 2181 374 2241 ita
391 2199 470 2241 raro
484 2180 626 2258 denique
641 2178 751 2259 affecta
758 2179 969 2260 peccaminoso
984 2180 1108 2241 nimiae
1124 2179 1233 2241 curio·

146 2261 268 2328 sitatis.
296 2263 436 2325 humani
458 2270 644 2342 respectus,
676 2263 863 2339 socordiae,
891 2261 1064 2340 vanitatis,
1096 2261 1233 2343 impelli·

149 2351 205 2405 tur
216 2345 391 2425 religiosus
409 2344 451 2406 ad
464 2345 683 2407 omittendam
698 2346 861 2426 regulam.

181 2461 317 2520 Eandem
341 2463 435 2522 ferme
458 2464 624 2522 doctrinam
645 2465 764 2534 tuearis,
786 2465 810 2520 si
830 2463 937 2521 dixeris
965 2482 1054 2538 saepe
1076 2465 1107 2521 in
1128 2465 1235 2522 haere

145 2547 283 2619 peccari:
1099 2564 1103 2572 ’

184 2649 209 2689 ι.
224 2633 269 2690 Ex
281 2629 400 2692 inlerno
424 2633 573 2706 operantis
592 2629 711 2710 affecta,
727 2633 746 2688 i.
768 2632 834 2689 esi
851 2655 864 2684 a
884 2629 975 2688 facias
988 2649 1024 2688 ex
1040 2627 1234 2709 negligentia,

145 2719 192 2773 vel
205 2713 338 2786 libidine,
353 2735 405 2774 seu
420 2719 596 2795 contempla.
614 2740 627 2768 ›>
641 2715 671 2774 S.
684 2716 709 2772 T
712 2717 829 2786 homas,
844 2717 863 2773 l.
879 2735 905 2772 c.

182 2803 211 2876 a)
223 2797 276 2858 Ex
287 2797 483 2878 negligentia,
501 2803 526 2857 si
547 2819 582 2858 ex
606 2803 689 2857 nulla
702 2801 760 2858 alia
772 2819 862 2858 causa
874 2818 965 2872 quarn
989 2800 1159 2876 cujuspiam
1180 2811 1237 2860 tor-

147 2885 226 2955 poris
248 2902 300 2940 seu
321 2885 451 2940 desidiae
473 2885 608 2956 regulam
629 2903 761 2958 rumpas.
786 2883 907 2941 Rationi
925 2884 1006 2941 enim
1027 2902 1088 2940 non
1102 2885 1238 2957 congruit

151 2965 324 3040 hujusmodi
340 2967 463 3023 inertiae
476 2986 507 3024 se
520 2969 601 3024 dare.
787 3039 791 3046 ι

187 3047 217 3122 b)
231 3045 283 3106 Ex
302 3044 438 3119 libidine,
463 3051 482 3106 i.
507 3069 533 3107 e.
555 3051 769 3124 excupiditate
792 3046 891 3107 niin'ia
912 3049 1039 3125 alicujus
1061 3051 1113 3120 rei,
1134 3060 1239 3124 utputa

149 3130 281 3206 suffragii
295 3133 422 3188 aliorum
437 3132 581 3206 (respectu
598 3135 754 3207 humano),
769 3135 880 3191 sciendi
892 3152 979 3191 nova.

184 3219 211 3296 c)
224 3215 277 3278 Ex
296 3222 462 3298 contempla
477 3217 612 3299 formali
634 3223 653 3278 i.
678 3240 704 3278 e.
726 3223 750 3278 si
765 3219 837 3298 qnia
851 3222 975 3277 minoris
989 3220 1081 3278 facias
1093 3222 1238 3293 regulam,

149 3307 215 3364 ideo
229 3325 295 3364 eam
310 3307 455 3380 negligas.
478 3304 651 3366 Materialis
671 3309 752 3364 enirn
772 3319 962 3378 contemptus
981 3307 1065 3362 omni
1081 3306 1240 3363 violatione

149 3393 327 3450 continetur.
354 3392 444 3448 Porro
467 3392 588 3448 violatio
613 3409 649 3448 ex
663 3404 837 3465 contemptu
851 3402 896 3446 est
909 3392 1035 3462 gravior,
1051 3391 1146 3446 immo
1161 3406 1240 3447 anor-

151 3469 221 3532 talis
245 3470 384 3556 snperbia
406 3476 431 3531 si
457 3475 523 3531 ideo
547 3473 638 3531 facias
665 3475 736 3547 quia
760 3474 837 3530 nolis
861 3469 984 3551 eegnlae
1009 3469 1043 3530 in
1068 3469 1241 3530 nniversam

150 3560 271 3618 subesse
284 3569 305 3618 ².
318 3559 444 3618 Veniale
459 3561 523 3630 erit,
535 3559 604 3617 siv.
619 3578 662 3632 gr.
678 3560 806 3633 quadam
822 3559 984 3631 pertinacia
995 3557 1100 3634 judicii
1113 3558 1238 3613 nonnul·

150 3643 195 3700 las
216 3644 333 3717 regulas
355 3642 448 3702 iacias
473 3645 597 3701 minoris
621 3639 712 3716 quam
739 3653 865 3716 oportet,
890 3652 942 3698 aut
959 3659 995 3699 ex
1014 3641 1144 3714 quadam
1164 3657 1242 3696 vana

152 3725 244 3797 gloria
256 3729 287 3784 in
301 3728 389 3785 certis
400 3728 520 3785 casibus
534 3729 607 3785 velis
622 3744 764 3802 apparere
779 3726 903 3786 solutus

182 3989 190 4024 1
201 3987 256 4036 Cfr.
270 3990 301 4036 C.
315 3988 348 4037 de
357 3953 445 4051 hugo,
458 3991 496 4038 De
499 3991 600 4050 justitia
611 3993 631 4035 et
636 3988 699 4048 jure,
712 3985 738 4034 d.
750 3993 787 4042 23,
798 3999 826 4033 n.
840 4001 861 4032 1.

180 4059 312 4108 roe-hoc
322 4069 491 4120 contemptu,
503 4061 553 4109 etr.
571 4059 703 4123 Sanchez,
722 4059 750 4104 in
760 4057 913 4114 Deralogum,
926 4056 944 4104 l.
958 4072 979 4112 1,
991 4067 1016 4103 c.
1029 4059 1051 4111 5,
1064 4068 1091 4102 ιι.
1105 4061 1158 4120 8313
1169 4054 1207 4120 2¹1.
1218 4062 1242 4112 6,

154 4129 178 4163 c.
191 4135 214 4174 4,
230 4131 257 4164 n.
279 4124 315 4166 15.
337 4126 363 4166 16
375 4131 382 4175 ;
404 4120 518 4180 Gregor.
529 4119 563 4166 de
575 4119 713 4174 Valentia,
727 4121 745 4164 t.
764 4122 786 4173 3,
798 4115 825 4163 d.
846 4131 882 4172 10,
895 4128 921 4174 q.
934 4133 957 4172 4,
969 4128 995 4173 p.
1009 4117 1034 4169 5:
1056 4112 1233 4160 Pellrzarrum

153 4173 276 4234 Manuale,
286 4183 319 4224 tr.
332 4196 355 4234 4,
366 4190 390 4224 c.
403 4196 426 4235 4,
439 4191 466 4224 n.
482 4182 521 4224 151
535 4191 594 4236 sqq.

1308 2467 1392 2515 Altera
1400 2465 1450 2514 dor·

1292 2528 1368 2572 trinae
1393 2529 1449 2585 pro-

1286 2586 1383 2643 positio.
