3142 5004
179 455 356 539 [316-318]
467 475 903 513 unonerenrroumusnunrcrosr
921 477 1048 513 Pnornssr
1143 437 1146 442 ⁵
1202 455 1261 518 185

175 620 292 697 cessit3
316 619 443 682 sivero
463 636 523 698 per
546 616 695 680 notabile
718 623 850 699 tempus
865 616 996 681 versari
1019 617 1139 680 debeat
1162 622 1260 680 extra

174 722 307 766 ornnem
331 701 383 764 sui
405 698 532 764 ordinis
556 706 773 768 conventum,
799 699 958 762 observet
981 719 1160 764 commune
1177 701 1260 763 Pro-

174 785 306 850 vinciae
332 781 560 846 calendarium
583 783 606 845 ¹.
631 783 728 866 Quod
753 781 853 845 etiam
880 783 911 845 ei
925 781 1060 846 videtur
1071 782 1259 846 faciendum

177 867 233 950 qui
257 867 298 929 ad
323 868 449 930 nullam
473 864 620 948 pertinet
643 867 792 929 domum.

220 954 250 1029 c)
273 949 461 1030 Religiosus
484 947 541 1029 qui
564 948 605 1011 ad
628 955 760 1026 tempus
784 947 990 1031 permittitur
1015 954 1103 1012 extra
1126 947 1261 1011 claustra

178 1033 311 1114 degere,
334 1033 389 1094 vel
414 1029 470 1112 qui
492 1049 632 1094 munere
658 1031 851 1112 defungitur
872 1030 1060 1113 parochiali,
1087 1031 1260 1115 proprium

178 1121 294 1178 servat
316 1113 543 1178 calendarium
560 1113 584 1175 ².
608 1114 640 1177 Is
667 1122 779 1176 tamen
802 1113 900 1176 debet
916 1113 1091 1178 Ecclesiae
1107 1113 1261 1198 publicae

178 1198 232 1260 cui
260 1203 311 1260 est
341 1196 494 1260 addictus
524 1215 790 1260 commemorare
816 1197 951 1260 titulum
980 1197 1069 1260 inter
1099 1195 1261 1278 suffragia

179 1279 369 1344 communia
391 1279 402 1316 ³
424 1279 639 1362 ejusdemque
663 1281 833 1343 celebrare
859 1279 1004 1342 officium
1024 1281 1048 1342 ⁴.
1071 1280 1123 1343 De
1145 1278 1227 1342 secui
1248 1312 1261 1327 -

176 1363 286 1438 orato,
312 1363 372 1426 cfr.
397 1383 432 1426 n.
455 1379 532 1442 329,
547 1380 577 1442 5.

217 1446 250 1523 d)
266 1445 406 1524 Contra,
431 1447 487 1526 qui
511 1446 547 1507 fit
570 1445 739 1528 Episcopus
760 1447 992 1523 dioecesanus,
1010 1445 1184 1509 Ecclesiae
1209 1445 1263 1508 cui

177 1529 372 1611 praeficitur
395 1529 539 1590 recitare
566 1529 664 1590 debet
688 1527 843 1593 Officium
867 1529 891 1593 ⁵.

205 1808 252 1854 18.
266 1803 322 1854 Rit.
335 1806 432 1864 Congr.
447 1814 472 1853 31
485 1820 545 1862 aug.
563 1815 624 1865 1839.
640 1808 743 1856 Decreta.
758 1823 784 1855 n.
799 1817 864 1857 2801.
948 1847 950 1851 Α

204 1866 243 1912 ²8
265 1865 319 1928 Rit.
333 1865 431 1918 Conon.
445 1882 472 1920 27
483 1871 550 1930 sept.
566 1874 627 1921 1873.
643 1873 668 1912 13
681 1866 744 1913 maii
760 1875 820 1923 1892.
834 1868 940 1920 Decreta,
956 1883 981 1916 n.
997 1877 1062 1917 3310.
1077 1877 1142 1926 3772.

204 1924 253 1970 ³8.
268 1923 322 1986 itit.
338 1923 436 1980 Congr.
450 1939 477 1978 27
486 1937 544 1981 Jun.
560 1932 624 1981 ¹89³).
637 1924 700 1970 Decr
714 1960 720 1980 ,
733 1938 759 1971 n.
773 1932 839 1981 4043.

204 1984 213 2016 ⁴
226 1983 252 2029 S.
267 1981 322 2027 Ru.
336 1982 432 2036 Congr.
447 1990 472 2028 13
485 1981 548 2028 maii
564 1989 627 2038 1892.
641 1982 703 2027 Decr
717 2018 722 2034 .
735 1996 761 2029 n.
776 1991 841 2038 3772.

204 2039 250 2104 ⁵5.
263 2038 318 2102 Rit.
331 2039 429 2096 congr.
444 2057 466 2086 ιι
475 2039 535 2098 juin
544 2047 610 2104 ⁴1605,
622 2041 720 2086 Decreta
732 2054 758 2104 n.
774 2043 870 2105 1813Et
881 2055 946 2089 suae
957 2039 1118 2106 obligationi
1129 2042 1263 2107 satisfacit

177 2097 494 2202 {fficosssigapessanus'
514 2103 596 2146 etiam
616 2097 768 2158 Regularrs,
787 2112 833 2158 qur
850 2113 913 2146 cum
930 2101 1068 2159 Episcopo
1083 2105 1182 2148 recitat
1198 2100 1262 2150 Offi-

1344 959 1426 1008 Extra
1514 1013 1516 1016 .

1315 1015 1429 1064 claustra.
