3148 5004
161 1996 285 2056 Conflatiir

137 2058 221 2104 tribas.

132 2251 261 2310 Eetion:

162 2393 258 2442 Gratia.

128 2455 259 2511 peccatum·

140 2674 289 2732 Baptismus,

132 2732 191 2777 ordo
213 2745 287 2788 sacer,

131 2790 253 2835 matrimo-

81 2858 82 2864 ’
131 2850 206 2894 nium.
242 2897 244 2901 ,

162 3068 282 3128 Quomodo

133 3129 258 3174 inuitentur

131 3185 247 3242 obligatio

130 3249 207 3289 status
214 3249 270 3303 pro·

128 3303 194 3361 prin.

153 3413 201 3459 Per
211 3410 288 3471 legem,

346 465 365 526 4
740 466 807 525 nans
824 491 919 526 onina,
938 491 1028 528 cirus
1043 492 1052 528 1

382 621 447 680 Usu
463 641 549 695 porro
559 624 688 700 juridico
703 621 824 702 painters
844 639 997 700 respectus
1017 640 1062 685 est
1081 630 1262 702 potissimus
1284 627 1392 705 Quare,
1409 641 1438 687 et

346 707 366 764 l.
388 723 404 778 3
428 706 466 764 D.
492 705 540 764 De
564 710 645 765 stain
667 702 827 767 hominnm
852 710 883 781 (r.
909 715 947 784 4),
972 730 1093 768 summa
1113 731 1305 785 personarum
1330 712 1436 768 divisio

345 792 451 850 dicitur
475 792 548 848 haec
572 811 646 862 esse,
672 817 685 844 «
713 796 792 866 quod
815 813 922 851 omnes
949 798 1088 853 homines
1110 810 1163 853 aut
1187 797 1269 853 liberi
1292 809 1361 852 sunt
1384 809 1436 853 aut

345 878 440 947 servi;
457 900 470 928 i>
488 888 515 934 et
529 874 629 936 instit.
644 895 664 935 i.
683 879 715 936 16
727 876 775 936 De
796 877 903 944 catitir
922 877 1133 952 deminutione,
1155 884 1276 940 amissio
1296 883 1435 939 libertatis

345 972 374 1015 et
388 961 515 1016 civitatis
528 979 581 1033 pro
595 962 729 1017 maxima
741 963 868 1018 habetur
880 965 985 1035 capitis
998 966 1219 1036 deminutione;
1231 979 1260 1022 et
1270 967 1299 1022 in
1314 963 1436 1023 Decreta

346 1040 502 1113 Gratiani,
519 1046 553 1102 C.
569 1065 601 1104 ιι.
618 1065 647 1119 q.
663 1047 682 1102 6
701 1065 767 1120 cap.
786 1064 833 1120 40,
854 1047 1025 1120 Siquando,
1046 1065 1138 1106 caiisa
1156 1053 1251 1108 statns
1272 1051 1437 1124 appellatur

345 1149 435 1188 causa
448 1133 640 1202 ingenuitatis
654 1135 699 1190 vel
714 1134 873 1190 servitutis.
889 1133 959 1206 Jure
972 1152 1042 1204 ergo
1052 1153 1087 1190 ac
1105 1136 1210 1192 merito
1225 1136 1398 1193 S.Thomas
1409 1148 1434 1192 ²:

346 1216 480 1274 «Status
502 1221 628 1290 pertinet
652 1220 768 1291 proprie
791 1221 828 1274 ad
849 1218 1016 1275 libertatem
1040 1221 1086 1275 vel
1110 1221 1294 1290 servitutem,
1318 1222 1381 1277 sive
1405 1220 1436 1276 in

345 1301 555 1374 spiritualibus,
573 1305 635 1360 sive
649 1306 677 1359 in
693 1305 840 1360 civilibus
859 1327 871 1354 »

386 1401 551 1481 Denique,
569 1421 644 1463 cum
663 1406 762 1464 statiis
784 1402 837 1462 hic
851 1399 1114 1478 consideremus,
1130 1422 1197 1462 non
1213 1410 1313 1482 prout
1329 1403 1436 1466 homi-

345 1503 405 1544 nes
421 1503 463 1544 ex
477 1485 605 1544 internis
624 1484 811 1548 rationibus
828 1484 941 1545 divino
961 1483 1361 1566 distinguunturjudiciO,
1377 1487 1435 1547 sed

345 1574 446 1647 prout
458 1567 591 1626 externis
603 1567 729 1629 indiciis
745 1567 836 1627 cives
853 1566 1000 1628 dissimili
1020 1576 1191 1646 ponuntur
1206 1569 1281 1628 loco
1299 1587 1338 1628 ac
1356 1587 1434 1628 con·

328 1704 332 1710 .
346 1647 475 1709 dicione
490 1649 519 1709 iii
535 1648 827 1727 risibiliEcclesia',
842 1659 975 1730 oportet
990 1656 1029 1709 ut
1042 1650 1138 1710 firma
1151 1649 1206 1710 illa
1219 1649 1379 1729 obligatio
1391 1651 1434 1710 ab

345 1729 510 1791 exteriore
538 1733 682 1808 quadarn
713 1731 959 1812 significatione
993 1751 1053 1792 seu
1088 1731 1293 1812 professione
1321 1732 1434 1813 capiat

345 1811 488 1874 initium.
517 1814 622 1895 Quae,
641 1835 717 1877 curn
742 1825 781 1875 de
806 1823 967 1896 perpetuo
994 1822 1118 1894 agatur
1144 1833 1244 1890 nexu,
1269 1814 1378 1892 facile,
1392 1823 1434 1876 ut

345 1902 423 1956 sunt
440 1914 550 1956 mores
567 1897 752 1973 hominum,
771 1896 924 1959 sollemni
947 1900 1092 1977 quodam
1110 1896 1338 1958 continebitur
1353 1897 1432 1959 ritu.

385 1976 509 2039 Tribus
532 1999 613 2058 ergo
640 1981 734 2042 notio
758 1988 868 2041 status
896 1979 1081 2041 conflatur:
1107 1978 1304 2059 obligatione,
1328 1983 1433 2062 perpe-

345 2060 464 2135 tnitate,
482 2059 685 2124 sollennitate
703 2063 726 2140 ³,
745 2064 814 2144 ipse
838 2071 951 2124 autern
996 2062 1189 2124 erfectionis
1212 2069 1323 2124 status
1343 2083 1433 2124 cotn-

344 2162 461 2224 presse
478 2143 621 2206 describi
639 2149 745 2209 valet:
764 2144 894 2208 Publica
905 2082 1103 2227 perditionis
1118 2145 1260 2206 servitiis

360 2249 364 2255 ·
389 2227 423 2289 5.
449 2225 613 2308 Exemplo
630 2231 725 2291 nobis
743 2231 937 2309 praeiverat
955 2227 990 2289 S.
1008 2228 1134 2288 Paulus
1151 2226 1194 2288 ad
1208 2229 1302 2289 Rani.
1328 2232 1357 2296 6,
1383 2231 1431 2289 16.

348 2311 396 2368 18.
414 2331 465 2371 20.
483 2331 533 2388 22,
551 2330 732 2373 secernens
747 2332 848 2372 servos
856 2309 1001 2392 justitiae
1017 2330 1037 2370 a
1051 2311 1145 2372 servis
1154 2310 1273 2390 peceati
1287 2311 1310 2372 ⁴.
1328 2311 1432 2370 Recte

345 2390 446 2467 enim,
471 2412 546 2455 cuin
575 2395 687 2472 gratia
714 2415 753 2456 ac
782 2405 957 2473 peccatum
989 2411 1048 2473 per
1080 2413 1115 2453 se
1146 2404 1309 2473 perpetuo
1335 2392 1432 2454 nobis

345 2473 565 2552 adhaereant,
590 2476 829 2538 existimantur
854 2476 1060 2538 constituere
1083 2481 1198 2536 statntn
1213 2474 1357 2554 justitiae
1380 2476 1433 2536 vel

338 2559 468 2635 peccati.

388 2638 420 2716 b)
432 2639 567 2701 Initium
583 2650 692 2701 status
706 2649 784 2701 sunt
797 2639 996 2721 baptismus,
1011 2640 1093 2700 ordo
1106 2658 1214 2715 sacer,
1225 2638 1432 2702 matrimonii

345 2731 613 2784 sacramentum:
647 2723 810 2784 inducunt
843 2723 930 2784 enim
965 2728 1161 2802 perpetuam
1193 2721 1432 2802 obligationem

345 2805 563 2884 professionis
598 2806 814 2882 christianae,
854 2805 1067 2866 ministrandi
1103 2804 1189 2881 De0,
1228 2805 1431 2866 observandi

346 2886 573 2947 indissolubile
611 2883 782 2949 vinculum
820 2888 1036 2948 sacramenti.
1075 2886 1193 2948 Status
1231 2886 1344 2967 itaque
1381 2893 1432 2950 est

345 2968 509 3048 baptizata
526 2977 636 3030 status
653 2977 704 3030 est
720 2970 820 3032 etiam
838 2968 1048 3037 sacerdotatis,
1069 2967 1255 3050 conjugalis.

387 3054 423 3115 6.
440 3052 482 3114 ΙΙ.
498 3052 664 3128 Servitus,
679 3072 744 3130 qua
757 3060 867 3113 status
880 3052 1045 3132 quispiam
1061 3052 1275 3128 informatur,
1294 3072 1432 3114 causam

345 3134 471 3195 habere
501 3145 611 3215 potest
642 3155 742 3196 servo
763 3134 964 3195 extrinsecam
996 3138 1048 3196 vel
1074 3133 1292 3196 intrinsecam:
1324 3139 1430 3214 legent

345 3217 528 3297 superioris
555 3220 609 3279 vel
635 3216 806 3299 propriam
835 3220 1056 3279 roluntatem.
1082 3218 1133 3278 Ita
1159 3217 1251 3294 olim,
1280 3217 1334 3277 alii
1354 3220 1430 3298 jure

345 3299 421 3361 belli
437 3303 490 3360 vel
511 3299 633 3381 judicis
657 3302 827 3360 sententia
843 3301 1082 3380 redigebantur
1099 3301 1130 3361 in
1148 3304 1358 3373 servitutem,
1376 3299 1431 3361 alii

347 3401 415 3443 <ise
432 3383 474 3444 ad
490 3383 634 3464 pretium
661 3383 932 3463 participandum
957 3384 1159 3445 venumdari
1182 3381 1192 3416 ⁵
1220 3406 1232 3436 »
1258 3380 1432 3461 patieban-

345 3469 419 3542 tur;
437 3475 538 3543 atque
562 3465 633 3544 ipsa
656 3465 818 3546 obligatio
834 3484 920 3546 quae
946 3467 987 3528 ad
1012 3465 1253 3547 perfectionem
1282 3467 1432 3526 refertur

345 3566 484 3608 manare
502 3550 591 3608 valet
608 3549 736 3628 exlege
754 3549 808 3610 vel
824 3569 864 3610 ex
881 3547 1019 3630 propria
1035 3549 1222 3608 voluntate.

373 3809 504 3868 lTriplex
513 3806 585 3855 enim
596 3813 683 3855 status
693 3806 809 3855 mutatio
820 3804 997 3866 distinguitur
1009 3803 1036 3852 in
1049 3804 1065 3851 l.
1081 3821 1101 3850 i.
1116 3803 1204 3852 Instit.
1218 3810 1236 3852 t.
1252 3813 1287 3862 io,
1300 3806 1336 3851 De
1345 3807 1430 3866 capitis

344 3868 507 3916 deminutione.

372 3929 415 3975 ¹³2.
429 3944 449 3975 2.
463 3939 488 3984 q.
504 3931 554 3979 183,
567 3931 618 3971 art.
633 3925 749 3972 r.—³2.
763 3942 785 3976 2.
798 3938 825 3983 q.
841 3930 889 3980 184.
902 3928 951 3970 art.
965 3941 987 3978 4.
1131 3977 1135 3985 Ι
1198 3976 1202 3985 ¹

372 3987 403 4030 ⁴i
423 3985 474 4032 Cui
488 3982 622 4030 exhibetis
639 3995 688 4028 vos
704 3996 796 4029 servos
812 3980 847 4028 ad
859 3979 1054 4043 obediendum,
1066 3992 1137 4044 serui
1154 3985 1219 4044 estis
1230 3978 1297 4036 ejus,
1309 3979 1353 4043 cui
1366 3977 1429 4028 obe·

343 4041 417 4096 ditis,
430 4042 486 4090 sive
497 4040 602 4100 peccati
614 4041 650 4086 ad
669 4048 793 4104 mortem,
805 4039 864 4103 sive
875 4037 1042 4102 obeditionis
1061 4039 1096 4084 acl
1112 4044 1291 4101 justitiam...
1306 4036 1430 4103 Liberati

343 4107 435 4148 autem
453 4115 470 4147 a
489 4108 612 4158 peccat0,
632 4111 701 4145 servi
723 4098 788 4145 facti
807 4105 871 4144 estis
887 4097 1052 4154 justitiae...
1067 4095 1137 4142 Cum
1154 4108 1227 4141 enirn
1246 4108 1316 4141 servi
1336 4108 1431 4143 essetis

343 4158 460 4218 peccati.
479 4157 558 4206 liberi
577 4157 668 4204 fuistis
685 4155 851 4219 jiistitiae...„
874 4157 956 4204 Nunc
980 4165 1044 4199 vero
1063 4151 1170 4216 liberati
1188 4166 1204 4217 a
1221 4159 1344 4210 Peccata
1359 4154 1429 4217 servi

343 4223 434 4265 autern
452 4216 515 4264 facti
538 4217 606 4263 Deo.
629 4229 637 4256 r
658 4214 735 4261 Neve
753 4214 860 4261 mireris
881 4210 1048 4259 vocabulum
1069 4219 1210 4258 servitutis
1232 4210 1370 4258 transferri
1395 4212 1429 4259 ad

343 4289 477 4322 summam
490 4275 564 4321 illam
575 4271 732 4336 libertatern
743 4285 798 4330 qua
809 4270 858 4335 filii
872 4270 921 4336 Dei
935 4270 1071 4334 fruuntur.
1085 4271 1196 4327 Species
1207 4268 1279 4314 enirn
1291 4269 1430 4335 servitutis

342 4333 474 4381 retinetur
490 4340 548 4395 tuin
563 4345 596 4377 ex
614 4331 726 4377 vinculo
737 4337 909 4376 necessitatis
926 4329 1046 4384 moralis,
1058 4335 1115 4374 tum
1134 4341 1166 4374 es
1186 4337 1324 4374 contraria
1340 4341 1430 4376 carnis

343 4390 575 4449 concupiscentia.

370 4450 381 4484 ⁵
396 4449 478 4496 Instit.
492 4449 515 4503 1,
529 4455 564 4494 io.
