3148 5004
346 430 390 498 62
712 456 779 491 PARS
794 455 929 500 SECUNDA,
946 455 1036 490 CAPUT
1051 455 1082 490 111

340 587 573 660 ¹sentientibus
589 589 701 652 Antist
705 589 801 653 ibus
794 609 826 651 rn
851 608 995 669 quorum
1010 588 1155 651 dioecesi
1172 595 1307 654 exstant
1331 590 1437 654 domi-

351 669 424 734 crlra
441 671 590 735 Institutr
603 671 655 752 (C
674 670 1011 747 ConditaeaChristo,
1027 692 1057 734 c.
1078 695 1105 748 1,
1123 691 1157 734 n.
1175 674 1219 752 5).

166 808 203 855 Do
219 807 295 857 am,-
381 779 451 835 99.
467 782 648 850 Quaeres
671 795 710 836 an
737 772 869 836 Societas
890 774 969 856 Jasn
997 779 1060 835 tota
1084 772 1184 853 fiderit
1206 795 1255 838 exe
1258 774 1350 838 tincto
1373 789 1440 868 post

138 867 200 913 riona
219 867 296 914 Socie
351 857 446 916 Breve
460 857 613 921 Dominus
625 879 660 920 ao
673 859 863 940 Redemptor,
878 879 912 920 21
924 862 981 939 jul
999 860 1091 936 1773?

385 941 474 1025 Resp.
501 941 658 1024 Nigrities,
686 965 757 1004 narn
785 948 917 1019 legitime
944 946 1141 1022 perseveravit
1166 948 1197 1004 in
1225 947 1334 1006 Russia
1358 949 1437 1007 alba.

351 1028 514 1086 Probatur:
886 1067 888 1072 ·

388 1131 412 1171 1.
427 1113 472 1170 Ex
485 1113 600 1172 delectu
620 1115 795 1188 universalis
814 1115 1061 1187 promulgationis
1079 1114 1154 1188 legis
1177 1114 1357 1190 pontificiae.
1382 1116 1438 1174 Per

138 926 194 970 tatis
205 923 272 975 Jesu.

349 1196 460 1252 litteras
475 1198 640 1272 encyclicas
654 1199 891 1270 congregationis
906 1199 1041 1270 specialis
1051 1195 1099 1256 Da
1113 1193 1260 1257 abolenda
1271 1195 1337 1257 Soc.
1347 1195 1435 1286 Jeme,

349 1281 459 1336 indicta
481 1279 536 1337 fuit
557 1283 713 1354 peculiaris
734 1284 809 1348 ratio
831 1283 1040 1356 promulgandi
1064 1281 1169 1340 Brevis
1193 1275 1372 1340 Clementis
1373 1297 1435 1353 xiv,

348 1383 417 1438 qua,
433 1366 462 1421 in
475 1367 600 1438 singulis
614 1365 769 1424 Societatis
781 1367 930 1436 domibus
951 1368 989 1424 ab
1005 1366 1153 1440 Episcopo
1173 1367 1229 1423 loci
1244 1365 1338 1424 Breve
1358 1365 1436 1422 istud

347 1451 521 1508 denunciari
545 1451 646 1507 debuit
668 1451 825 1508 Patribus'
819 1471 849 1508 1n
863 1469 957 1508 unum
978 1453 1174 1526 congregatis,
1193 1452 1243 1524 qui
1262 1450 1351 1508 simul
1364 1461 1435 1507 tunc

347 1535 384 1591 ad
411 1537 631 1592 exsecutionem
657 1536 916 1609 compellerentur.
945 1535 1012 1609 Jam
1040 1553 1109 1592 vero
1136 1536 1211 1592 haec
1236 1534 1434 1609 promulgatio

279 1639 281 1647 '
347 1635 502 1691 nunquam
517 1619 593 1675 lacta
607 1629 651 1674 est
663 1619 693 1675 in
707 1619 763 1675 ista
777 1637 859 1690 prov.
875 1619 1010 1678 Russiaci
1025 1619 1153 1692 imperii.

381 1717 408 1758 2.
424 1697 475 1758 Ex
488 1698 598 1760 occulto
610 1718 750 1760 consensu
762 1697 796 1760 S.
810 1700 980 1781 Pontificis,
1001 1721 1091 1776 quern
1112 1703 1240 1775 produnt
1260 1701 1342 1760 varia
1355 1700 1436 1758 testi-

347 1787 449 1842 monia
463 1796 491 1842 et
506 1787 625 1843 indicia.
1216 1817 1218 1822 .
1420 1855 1424 1862 ‚

382 1869 471 1932 Unde
483 1868 615 1943 sequitur
633 1873 895 1943 congregationem
917 1872 1065 1928 sociorum
1083 1872 1168 1928 istius
1185 1871 1353 1944 provinciae
1368 1871 1435 1927 reti-

346 1956 445 2015 nuisse
467 1957 627 2013 essentiam
649 1968 678 2013 et
700 1957 853 2030 privilegia
875 1956 943 2013 t'oc.
967 1955 1048 2030 jesu,
1074 1973 1169 2030 eaque
1195 1955 1379 2012 transtulisse
1402 1957 1434 2012 in

345 2056 454 2096 novam
470 2037 659 2110 Societatem,
674 2058 750 2113 quae
763 2041 805 2096 sic
818 2042 962 2096 continuo
984 2059 1062 2097 nexu
1077 2042 1218 2114 antiquae
1230 2038 1433 2114 conjungitur.

341 2175 343 2180 .
381 2123 469 2180 Plura
484 2123 591 2180 videsis
609 2124 688 2197 apud
709 2125 885 2196 Sanguineti
898 2124 928 2182 S.
943 2123 971 2198 J.
986 2121 1035 2182 La
1050 2118 1157 2202 Comp.
1171 2119 1205 2181 di
1220 2117 1323 2180 Gesde
1338 2119 1436 2182 lusus

343 2202 437 2283 legale
455 2205 553 2276 esisi.;
578 2207 682 2276 Bo'e'ro,
701 2204 913 2266 Osseroozioni
933 2211 1023 2286 sopra
1042 2204 1170 2266 l’irtorio
1190 2202 1222 2266 dr
1243 2202 1371 2276 Teium
1398 2208 1435 2264 de

344 2291 515 2363 Ravignan:
537 2286 669 2350 clement
683 2310 738 2350 xru
751 2296 778 2352 ci
792 2287 887 2351 Cion.
908 2309 961 2350 xrv
971 2311 979 2364 3
996 2293 1032 2350 R.
1048 2293 1081 2350 P.
1100 2292 1203 2362 Melot,
1222 2310 1250 2364 p.
1268 2293 1385 2365 174-180
1406 2303 1435 2348 et

343 2377 417 2433 alios
431 2376 539 2448 plures.
555 2374 637 2432 Idem
652 2385 732 2432 tenet
745 2375 977 2437 Santi-Leitner‚
991 2377 1023 2431 in
1037 2377 1055 2432 l.
1074 2392 1100 2448 3,
1116 2385 1138 2432 t.
1155 2375 1200 2447 36,
1218 2394 1248 2431 n.
1264 2388 1291 2449 5.

379 2459 418 2514 N.
435 2457 469 2514 B.
486 2457 527 2515 Ut
538 2460 566 2516 in
581 2468 732 2530 comperto
746 2454 977 2527 est,outiieniicn
990 2457 1181 2516 confirmatio
1194 2459 1319 2515 accessit
1332 2457 1449 2514 Socie-

340 2543 395 2599 'tati
420 2543 550 2614 primum
578 2543 608 2597 in
630 2543 748 2610 Russia,
778 2561 830 2616 per
856 2542 960 2606 Breve¹
976 2543 1021 2600 Pii
1052 2560 1095 2600 vu
1120 2538 1295 2602 Catholicae
1321 2537 1412 2599 Fidei
1418 2560 1432 2610 ,·

343 2624 431 2681 Brevi
452 2622 513 2682 Per
537 2621 625 2693 alius,
648 2643 684 2682 20
703 2627 759 2701 jul.
782 2629 860 2699 1804,
876 2628 1012 2683 restituta
1032 2626 1086 2683 fuit
1101 2627 1228 2700 Neapoli
1239 2645 1247 2696 ;
1270 2635 1298 2684 et
1311 2625 1430 2683 tandem

342 2728 394 2782 per
416 2709 535 2766 Bullam
558 2704 736 2769 Sollicitudo
758 2708 895 2768 omnium
920 2707 1136 2781 decuriarum,
1161 2728 1178 2786 7
1199 2729 1269 2785 ang.
1294 2711 1372 2786 1814,
1401 2711 1432 2766 in

342 2794 481 2850 universo
506 2794 576 2850 orbe
601 2805 645 2852 est
669 2796 877 2868 redintegrata.
910 2794 1059 2852 Ultimarn
1092 2794 1369 2868 comprobationem
1404 2801 1446 2848 et.

341 2877 561 2948 privilegiorum
586 2877 843 2935 confirmationem
864 2880 977 2951 accepit
999 2895 1017 2934 a
1037 2878 1090 2936 SS.
1105 2878 1209 2936 Leone
1233 2879 1287 2953 Pp.
1310 2893 1366 2935 xrrr
1380 2892 1431 2949 per

341 2961 436 3018 Breve
450 2958 594 3020 Dolemus
607 2959 693 3032 inter,
712 2980 743 3036 13
757 2963 768 3040 j
774 2965 813 3019 ul.
831 2963 910 3020 1886.
