3142 5004
134 502 169 582 [3
174 499 319 578 74-379]
351 514 387 555 ps
403 519 560 556 pnrvrruoro
576 520 761 560 uxannrrorsrs
776 521 811 556 ur
827 520 984 556 rorrsrnru
999 521 1120 558 srrscorr
1163 496 1223 558 “2⁶25

133 655 351 722 monasteriis
368 654 471 718 fuisse
486 655 581 718 unita
599 655 636 719 C.
653 655 747 720 Trid.
773 677 801 720 s.
819 677 870 736 23,
889 676 918 719 c.
937 663 972 720 18
996 657 1044 718 De
1059 654 1132 737 Res.
1152 655 1221 719 Cfr.

133 742 299 817 Ferraris,
318 759 352 801 v.
367 739 587 802 Seminarium.

175 825 264 891 379.
282 828 334 884 De
351 823 494 884 delictis
508 833 544 884 et
561 823 703 884 Poenis.
727 842 752 885 1.
769 820 944 904 Judiciulis
961 820 1096 904 cognitio
1112 840 1221 882 coriso-

132 926 203 970 rum
228 926 305 987 qliae
328 909 463 986 spectant
487 903 529 966 ad
556 904 591 966 S.
619 903 765 982 Officium
784 903 949 986 privative,
974 904 995 967 i.
1019 924 1049 966 e.
1077 905 1222 965 exclusis

133 990 277 1073 propriis
301 987 477 1054 Praelatis,
505 985 666 1068 'competit
683 987 872 1069 Episcopis.
889 988 941 1049 lta
957 1007 999 1049 ex
1012 986 1106 1050 Trid.
1125 1005 1220 1048 conc.

134 1094 161 1136 e.
190 1091 220 1152 5,
249 1092 279 1135 c.
304 1094 333 1149 2,
361 1071 410 1132 De
429 1069 514 1152 Res„
547 1077 579 1131 et
618 1069 656 1132 C.
688 1071 783 1133 Pauli
805 1089 838 1148 v,
863 1071 1023 1132 Romanus
1060 1067 1219 1149 Pontifex,

138 1175 172 1236 15
190 1161 275 1236 sept.
295 1159 373 1218 1606
397 1153 419 1216 ¹.
438 1151 570 1216 Causae
594 1154 679 1214 istae
695 1162 773 1214 sunt
788 1150 920 1215 haeresis
943 1158 976 1216 et
999 1153 1120 1215 delicta
1136 1171 1222 1232 quae

134 1238 167 1300 in
189 1239 267 1320 jure
288 1237 439 1300 inferunt
451 1233 584 1298 haeresis
598 1235 818 1316 suspicionem·
834 1235 1037 1316 eaedemque
1060 1241 1221 1298 accurate

133 1321 326 1384 indicantur
342 1341 362 1381 a
385 1319 471 1397 Piat,
490 1335 525 1397 11,
552 1339 584 1400 p.
611 1323 662 1381 66.
680 1319 789 1381 Hodie
812 1324 937 1396 autem,
955 1317 1165 1399 potissimum
1190 1317 1222 1378 id

133 1424 197 1467 usu
213 1404 328 1466 venire
344 1408 456 1482 potest
484 1401 516 1463 in
540 1402 715 1464 sacerdote
738 1401 898 1482 Regulari
922 1401 978 1482 qui
995 1399 1221 1482 paenitentem

134 1486 368 1549 sollicitaverit
397 1486 439 1548 ad
466 1485 591 1566 turpia.
608 1486 641 1547 Is
664 1503 757 1565 ergo,
776 1496 809 1547 et
824 1483 932 1546 omnis
952 1483 1130 1564 religiosus
1147 1503 1220 1545 sus-

134 1575 251 1652 pectus
279 1570 319 1630 de
345 1567 490 1645 haeresi,
520 1568 760 1650 praetermisso
785 1566 923 1651 proprio
940 1567 1133 1649 Superiorc,
1166 1565 1221 1646 qui

135 1651 332 1732 prohibetur
355 1651 388 1712 in
412 1650 603 1731 hujusmodi
620 1650 850 1730 delinquentes
873 1650 1062 1724 advertere,
1081 1656 1161 1711 sunt
1178 1648 1220 1710 ab

135 1733 207 1796 aliis
224 1733 387 1814 religiosis
404 1740 506 1812 atque
522 1732 564 1793 ab
588 1733 659 1814 ipso
675 1733 855 1814 Superiore
879 1733 921 1794 ad
944 1733 980 1796 S.
998 1731 1152 1796 Officium
1169 1732 1222 1793 vel

134 1817 177 1878 ad
204 1817 422 1896 Episcopum,
452 1823 612 1894 tanquam
635 1815 871 1894 Inquisitorem
889 1822 1018 1894 natum,
1037 1815 1219 1878 deferendi.

136 1898 206 1962 Cfr.
226 1899 265 1962 C.
283 1898 464 1960 Alexandri
479 1914 540 1974 vir,
558 1897 645 1959 Licet
660 1897 751 1961 alias

176 1982 220 2046 N.
237 1983 279 2044 Β.
296 1980 537 2062 Exceptionem
562 1981 662 2043 istam
686 1982 796 2044 solent
819 1981 931 2063 plures
955 1981 1002 2044 ita
1019 1998 1221 2042 commemo-

135 2084 230 2127 rare:
248 2065 433 2144 Regulares
449 2063 623 2144 Episcopis
639 2064 829 2126 subduntur
845 2063 878 2124 in
892 2062 1003 2125 causis
1016 2063 1104 2125 fidei.
1119 2062 1221 2124 Brevi

135 2147 190 2210 isti
206 2147 369 2210 formulae
386 2165 452 2208 non
465 2146 682 2225 contraimus
697 2147 795 2209 modo
809 2166 861 2224 ne,
877 2145 910 2207 vi
927 2147 998 2227 ejus
1014 2145 1138 2207 sensim
1151 2145 1222 2206 sine

136 2250 237 2292 sensu
267 2235 408 2300 mutata,
437 2235 657 2291 convertatur
685 2229 717 2290 in
745 2229 895 2308 regulam
924 2233 1131 2310 perpetuam,
1156 2247 1222 2307 qua
1267 2267 1272 2276 ·

136 2315 321 2393 Regulares
344 2311 578 2393 astringantur
602 2311 756 2373 omnibus
778 2312 936 2394 Episcopi
952 2310 1120 2394 praeceptis
1137 2329 1222 2390 quae

136 2396 247 2476 aliquo
277 2396 375 2458 modo
404 2395 446 2457 ad
475 2395 551 2457 fidei
581 2414 719 2456 causam
750 2394 867 2457 referri
897 2393 1027 2478 possint
1060 2393 1083 2455 ².
1117 2393 1222 2454 Multo

135 2479 320 2560 sapientius
335 2478 372 2541 C.
386 2478 552 2540 Melchers
565 2477 588 2557 ³,
602 2479 650 2540 ita
662 2497 760 2540 casus
773 2477 904 2540 definit:
921 2504 934 2532 «
950 2477 1222 2560 Qui(regulares)

136 2562 284 2645 suspecti
300 2569 379 2623 sunt
392 2561 432 2622 de
444 2561 589 2639 haeresi,
604 2561 644 2623 de
656 2561 891 2624 sollicitatione
915 2562 956 2623 ad
976 2561 1096 2642 turpia,
1111 2565 1169 2621 aut
1182 2558 1222 2620 de

135 2645 300 2708 fractione
314 2643 412 2725 sigilli
428 2645 694 2723 sacramentalis,
702 2643 929 2727 jurisdictioni
946 2650 980 2706 et
988 2643 1113 2726 judicio
1125 2642 1222 2725 Epis·

136 2728 210 2810 copi
227 2728 462 2808 snbjiciuntur.
483 2754 496 2782 »

176 2833 206 2874 2.
221 2811 272 2872 Ab
284 2809 460 2891 Episcopis
473 2810 623 2873 coerceri
636 2816 669 2872 et
683 2810 793 2893 puniri
806 2816 946 2893 possunt
963 2809 1149 2891 Regulares
1166 2808 1222 2888 qui

137 2892 245 2972 ipsum
265 2893 437 2971 impediunt
457 2893 618 2972 quominus
633 2913 690 2954 suo
706 2900 813 2956 zaraim
825 2893 1050 2974 jurisdictione.
1066 2892 1105 2955 C.
1123 2892 1220 2973 Quia,

140 2995 167 3052 1,
184 2975 233 3036 De
248 2971 346 3051 officio
355 2973 474 3054 judicis
490 2973 623 3056 delegati
627 2994 639 3044 ;
664 2995 692 3036 c.
721 2978 885 3054 Romana,
907 2999 933 3052 r,
951 2976 999 3037 De
1016 2974 1122 3056 poenis
1137 2974 1170 3035 in
1188 2977 1221 3036 6.

178 3078 209 3135 3.
223 3056 287 3136 Qui
303 3055 416 3137 degunt
428 3061 514 3116 extro
526 3057 661 3118 clurtstro
674 3066 826 3138 possunt,
844 3059 871 3119 si
885 3057 1096 3137 deliquerint,
1111 3055 1222 3139 puniri

137 3139 179 3200 ab
205 3137 374 3220 Episcopo
402 3143 562 3216 tanquam
589 3139 625 3201 S.
654 3139 749 3201 Sedis
773 3140 939 3220 delegato.
968 3140 1005 3203 C.
1018 3140 1048 3202 T
1051 3140 1126 3218 rid,
1144 3160 1171 3203 s.
1190 3143 1219 3217 6,

138 3241 168 3285 c.
192 3243 223 3301 3,
246 3220 295 3281 'De
317 3217 560 3300 Resornralione.

178 3327 209 3387 4.
238 3302 303 3386 Qui
318 3322 412 3380 veru,
440 3302 523 3364 intro
549 3301 684 3364 clarrsr‘ru
712 3303 930 3366 habitualiter
957 3309 1219 3381 commorantes,

137 3393 223 3450 extra
245 3387 312 3466 ipsa
335 3383 451 3448 notorie
473 3390 501 3446 et
520 3404 589 3446 curu
604 3384 712 3466 popuii
726 3385 872 3449 scandalo
889 3385 1099 3466 deliquerint,
1122 3389 1177 3466 per
1191 3407 1221 3447 se

138 3471 271 3552 quidem
293 3468 458 3552 plectendi
489 3475 610 3530 sunta
640 3470 775 3551 proprio
807 3468 1000 3551 Superiore.
1032 3469 1221 3552 Episcopus

137 3561 251 3618 autem
277 3552 459 3614 sollicitare
475 3551 572 3613 debet
596 3551 802 3631 diligentiam
825 3551 1015 3634 Superioris
1041 3553 1220 3634 regularis,

138 3638 234 3720 cujus
250 3636 326 3700 dein
342 3635 580 3716 negligentiam
593 3635 626 3696 in
639 3634 806 3715 puniendo
819 3633 889 3718 ipse
902 3637 1057 3718 supplere
1074 3641 1185 3720 potest
1197 3636 1222 3700 ⁴.

140 3721 178 3784 C.
194 3720 301 3800 Tria,
319 3739 346 3784 s.
364 3737 415 3798 25,
433 3738 463 3782 c.
486 3738 534 3797 14,
551 3718 600 3779 De
622 3717 841 3800 Reguloribus.

168 3940 863 4002 lCfflSOffmmmmmNdinssmam

165 4005 177 4038 '³
188 4003 265 4065 llario
277 3999 359 4064 igitur
370 4002 411 4048 usi
423 4009 486 4048 sunt
497 4005 656 4066 argumento
667 3999 713 4066 qni
724 4001 873 4060 Regulares
884 3997 1112 4064 obnoxiosbfecere
1121 3997 1224 4064 episco-

138 4056 942 4175 melliti.”tulnlsssstrlt.t¹³l·¹.¹l.¹t.·¹r¹ltratti?³2¹
957 4057 1225 4164 llrrtdlaitr

138 4131 186 4280 iTip'e
196 4188 266 4221 nemu
278 4152 464 4233 Biiclrergesette,
482 4189 510 4234 p.
528 4153 578 4232 11⁹2,
597 4188 665 4234 qnos
681 4153 750 4222 bene
765 4153 904 4235 redarguit
918 4129 954 4222 ii.
975 4152 1010 4221 Pi
1022 4153 1092 4230 Piat,
1106 4172 1134 4220 in
1144 4173 1179 4220 N.
1192 4151 1223 4221 ld

166 4237 771 4353 iffissfflfflQmmmmmmpmm

167 4350 178 4384 ⁴
191 4348 286 4412 Botrns
298 4353 388 4394 tamen
419 4361 483 4398 uam
501 4348 558 4406 ipse
568 4347 677 4408 puniret
696 4347 857 4408 Episcopus,
877 4361 1018 4396 recursum
1038 4347 1073 4395 ad
1086 4348 1113 4397 S.
1127 4348 1225 4398 Scdem

138 4411 224 4454 suasit
235 4407 261 4454 S.
275 4405 358 4464 cong.
381 4408 403 4453 E
419 4408 437 4454 “.
455 4413 481 4454 et
497 4407 568 4463 RR„
585 4414 613 4456 26
628 4413 706 4454 mart.
727 4415 790 4465 1897·
808 4407 941 4462 Mondou,
958 4419 983 4461 x,
998 4423 1018 4462 r,
1032 4420 1059 4464 p.
1075 4413 1125 4454 123.
1143 4407 1225 4469 Quod

139 4463 316 4532 qonfirmatnr
329 4463 389 4523 jure
407 4464 514 4512 sancito
531 4465 565 4514 de
581 4463 837 4527 congregationibus
853 4464 987 4527 religiosis
1003 4465 1062 4513 aC.
1077 4464 1226 4514 Conditueo

140 4523 247 4580 clinno,
264 4536 290 4571 n.
308 4536 344 4571 xi.
362 4521 417 4572 Cir.
436 4520 505 4587 384,
525 4531 546 4572 8.

1132 4599 1160 4651 ὦ

1277 829 1367 876 Causae
1375 833 1433 934 spec-

1277 893 1375 934 laurera
1403 889 1423 935 S
1427 925 1433 936 .

1276 945 1391 1005 Officium,

1304 1431 1421 1480 Nomina·

1277 1491 1320 1536 lim
1345 1490 1434 1537 sollici·

1277 1551 1376 1596 tationis
1387 1551 1434 1595 cri·

1276 1621 1336 1654 meld.

1310 2725 1435 2778 Regulam

1278 2784 1424 2842 impedientis

1277 2843 1389 2900 Episcopi
1399 2841 1436 2900 jn·

1277 2899 1399 2947 risdr'clio·

1277 2972 1326 3005 nem
1336 2972 1344 3009 ‚¹

1306 3069 1418 3127 Degeuns

1276 3137 1345 3173 errru
1361 3127 1435 3175 clarus·

1277 3189 1315 3230 lm
1327 3198 1333 3240 ζ

1293 3321 1436 3380 Delinquen·

1277 3385 1308 3426 trs
1329 3387 1398 3426 extro

1276 3437 1391 3494 claustra,
