3138 5014
148 461 332 543 [484-488]
473 479 510 513 na
525 473 599 513 cora
615 475 774 512 exorturus
789 475 962 510 srrmruarrs
1177 455 1249 518 ‘’29l1

154 618 162 698 J
191 634 221 684 2.
249 617 346 702 Quod
376 613 417 678 ad
445 611 655 698 sepulturam:
687 606 719 692 a)
750 605 1175 695 ExsequiaeRegularium
1203 609 1236 688 in
1318 616 1450 678 sepultura.

103 703 425 792 ‘proptiaeorum
450 697 594 760 ecclesia
620 703 841 777 peraguntun
923 709 932 730 ’·
1130 695 1132 700 ’
1230 707 1233 721 ¹

190 787 224 865 b)
240 785 356 860 Imm0,
374 802 415 844 ex
426 779 503 863 jure
528 779 703 854 canonice,
718 777 850 858 sepeliri
862 777 1029 840 debebant
1045 779 1077 841 in
1094 781 1238 843 eeclesia

149 881 208 932 seu
232 863 434 929 coemeterio
449 861 658 946 monasterii.
684 861 837 936 Aliunde,
863 860 895 922 in
920 859 1123 942 coemeterio
1147 883 1237 926 com-

150 951 240 1026 muni
265 969 331 1029 quo
354 966 442 1009 nune
458 945 506 1007 uti
530 944 693 1023 cogimur,
718 949 809 1006 tenet
837 943 901 1005 hoc
918 942 1129 1027 principium,
1149 948 1237 1026 quod

149 1029 302 1114 s'itrgulae
328 1029 490 1092 eeclesiae
513 1027 546 1108 in
570 1026 626 1088 illo
653 1035 833 1088 exerceant
859 1045 957 1088 suurn
976 1026 1032 1108 jus
1057 1029 1237 1108 sepeliendi

150 1126 240 1179 suos
251 1115 364 1197 Quare
377 1117 517 1193 possunt
530 1110 715 1189 Regulares
728 1129 807 1189 suos
823 1107 1000 1170 defunctos
1013 1111 1046 1172 in
1060 1129 1237 1173 commune

151 1197 388 1261 coemeterium
412 1193 552 1260 deferre,
579 1210 655 1253 cum
678 1193 765 1254 stola
780 1198 814 1252 et
830 1199 927 1254 cruce
946 1199 1146 1268 conventus,
1164 1194 1237 1256 sine

150 1279 343 1355 interventu
360 1275 510 1360 parochi,
530 1275 608 1337 dum
622 1284 823 1336 amoveatur
835 1275 1006 1336 sollemnis
1019 1295 1139 1357 pompa
1155 1277 1191 1359 (i.
1206 1298 1236 1340 e.
1350 1345 1353 1348 ,
1383 1343 1385 1348 ,

149 1363 263 1446 populi
286 1370 484 1440 concursus,
509 1355 654 1420 ministri
680 1357 787 1418 sacris
813 1357 1020 1439 paramentis
1048 1359 1168 1439 induti)
1204 1366 1237 1422 et

151 1452 245 1509 recto
260 1444 396 1521 tramite
411 1441 625 1524 procedatur.
1234 1502 1235 1506 η

158 1529 161 1535 ’
190 1529 281 1600 Idem
306 1523 581 1608 jussepulturae
608 1522 768 1603 competit
793 1521 977 1586 martialibus
1007 1524 1176 1606 exantlo&
1204 1530 1237 1588 et

152 1610 300 1692 pertinet
316 1611 358 1670 ad
374 1627 491 1669 earum
507 1602 762 1667 confessarium.
985 1625 988 1630 ·

192 1693 282 1756 486.
307 1691 349 1752 ΙΙ.
373 1693 425 1750 De
450 1690 806 1765 Congregationibus.
835 1684 974 1774 Sodaies
993 1689 1238 1771 Congregatio-
1325 1693 1427 1758 Jusquo

152 1773 231 1858 irum
241 1777 337 1854 perse
352 1769 569 1833 assimulandi
582 1777 660 1830 sunt
672 1770 893 1832 secularibus.
908 1771 985 1846 Sed,
1001 1785 1239 1854 praeterquam
1293 1751 1454 1870 glffl't‘fss?

151 1856 240 1936 quod
262 1857 374 1936 plures
390 1860 469 1915 sunt
491 1859 676 1933 exemptae,
694 1853 727 1913 in
750 1853 821 1915 aliis
838 1854 907 1934 ipse
930 1854 1117 1936 Episcopus
1134 1857 1240 1918 indul·
1417 1898 1419 1902 -

154 1945 233 2019 gere
246 1939 330 1998 solet
346 1936 447 1997 ut‘vei
463 1935 588 2018 proprii
605 1935 815 2014 Superiorem,
831 1934 858 1996 si
871 1937 1067 2000 Institutum
1084 1940 1127 2000 sit
1143 1939 1240 2000 cleri-

152 2029 281 2094 corum,
300 2019 352 2081 vei
367 2019 547 2099 deputatus
564 2016 766 2098 Capelianus
789 2017 822 2078 in
844 2018 994 2082 virorum
1016 2023 1068 2082 vel
1084 2040 1240 2082 sororum

152 2105 301 2167 oratorio
312 2103 406 2185 justa
429 2102 601 2182 persolvat
623 2099 865 2178 defunctosque
892 2100 994 2164 ducat
1010 2104 1051 2164 ad
1076 2111 1238 2165 coemete-

152 2185 249 2249 rium.
267 2185 305 2249 Id
319 2187 391 2266 ipsa
407 2181 648 2245 consuetudine
670 2181 797 2243 firmari
813 2182 916 2244 tradit
939 2184 1009 2266 jam
1034 2186 1155 2263 Bonix,
1184 2205 1239 2268 op.

154 2270 210 2332 eit.
229 2277 254 2332 t.
272 2289 302 2347 2,
320 2288 352 2349 p.
371 2289 443 2348 349.

541 2405 861 2414 ———..

554 2529 749 2614 CAPUT
776 2531 838 2613 Vr

160 2749 168 2774 ‚
201 2727 723 2797 nrnrsrnnsnnonnosn
747 2728 863 2803 reon,
890 2726 915 2792 A
942 2719 1072 2804 voris,
1098 2727 1194 2794 mc.-

194 2904 284 2968 487.
305 2925 332 2964 1.
349 2900 524 2983 Quomodo
539 2901 687 2963 Praelati
705 2903 877 2982 regulares
893 2903 1089 2983 plerumque
1101 2903 1239 2966 valeant

154 2985 306 3046 subditos
322 3001 401 3043 suos
418 2983 613 3061 dispensare
628 2983 726 3044 simili
749 2985 847 3045 modo
860 3004 926 3065 quo
949 2986 1137 3066 Episcopus
1159 3006 1239 3048 suos

154 3066 279 3142 fideles,
297 3072 330 3125 et
342 3082 508 3143 quaenam
524 3062 590 3125 sint
606 3065 780 3144 privilegia
796 3066 1088 3130 Confessariorum
1105 3072 1239 3150 reguia-

155 3149 241 3212 rium
257 3147 382 3210 dictum
398 3151 450 3208 est
465 3164 579 3226 supra.
597 3145 667 3208 Cfr.
685 3167 719 3209 n.
735 3163 812 3225 4²1·

196 3250 226 3294 2.
240 3231 294 3318 De.
304 3249 366 3292 usu
376 3227 617 3311 jurisdictionis
626 3229 796 3309 gratiosae
804 3231 845 3292 ab
853 3230 1033 3314 Episcopo,
1045 3232 1105 3296 eir.
1116 3250 1148 3294 n.
1162 3235 1240 3312 382.

549 3535 744 3618 CAPUT
774 3524 854 3617 VII

214 3733 268 3799 DE
291 3685 400 3799 01le
424 3731 657 3842 morsurus
679 3729 936 3799 srrmruntls
963 3734 1011 3799 ΕΤ
1035 3735 1182 3802 turmo

503 3844 730 3910 ammaon
759 3844 895 3911 DUCTU

157 4018 349 4066 rancores
378 4019 402 4066 1.
433 4002 573 4069 Nationes
602 4005 759 4085 peraratas
787 4003 818 4070 et
851 4004 1024 4070 nominatim
1055 4006 1093 4071 de
1124 4006 1239 4074 ratione

601 4111 805 4178 eonscientiae

198 4281 288 4344 488.
308 4303 336 4374 1:
354 4280 445 4345 Cura
460 4284 499 4346 de
512 4304 578 4365 qua
593 4285 647 4347 hic
659 4286 790 4365 agimus
803 4285 958 4348 distincta
973 4294 1025 4349 est
1038 4307 1058 4348 a
1074 4287 1241 4368 spirituali
1312 4305 1459 4363 neptunum

157 4362 400 4443 gubernatione
416 4385 513 4446 quae,
538 4374 829 4432 sacramentorum
853 4375 1013 4432 contenta
1028 4371 1242 4433 administra·
1297 4364 1460 4420 ruraticagn-

158 4447 249 4507 tione
275 4454 308 4509 et
324 4466 422 4509 sacra
437 4450 698 4530 praedicatione,
713 4451 875 4515 adversus
889 4473 1005 4516 omnes
1023 4453 1135 4517 fideles
1149 4475 1242 4517 exer·
1300 4420 1359 4468 tur?
