3148 5004
141 293 336 384 [223-227]
395 327 431 360 nn
448 325 680 360 ostreamoumus
695 326 831 362 nntrnrosr
848 325 974 363 enornssr
1170 303 1229 365 135
1321 371 1322 376 ¹

143 457 292 521 declarat
315 480 351 522 se
378 466 507 522 certum
525 461 650 522 sectari
665 460 765 522 finem
789 465 822 521 et
844 460 941 522 firmo
958 479 1046 538 nexu
1062 457 1230 541 promittit

39 605 44 613 ,
142 539 300 618 definitam
337 545 487 604 rationein
525 543 617 605 illum
656 537 888 624 persequendi,
920 539 1023 603 tacite
1059 562 1099 603 ac
1129 541 1229 633 priu's

142 623 387 702 quodammodo
400 626 543 706 spondet
558 645 593 686 se
606 645 677 686 vere
690 623 802 704 aliqua
815 625 946 686 ratione
959 625 1000 684 ad
1013 623 1113 686 finem
1127 629 1227 712 istum

144 723 217 766 esse
234 714 449 771 conaturum.
1050 777 1052 782 ,

183 808 213 849 2.
232 789 328 872 Quod
342 810 407 871 quo
421 790 529 870 magis
545 789 766 865 declaremus,
785 789 869 850 haec
886 787 1048 868 obligatio
1067 808 1075 850 ε

184 871 217 947 a)
232 872 368 934 Posilive
379 883 431 934 est
446 875 478 950 α)
495 873 653 935 Sectandi
668 869 869 934 habitualiter
885 871 1145 954 perfectionen13

184 947 218 1032 β)
234 954 299 1015 Per
312 955 414 1016 media
431 975 516 1036 quae
532 955 568 1016 de
582 975 613 1016 se
628 955 694 1018 sint
709 959 803 1036 apiae
908 1021 910 1024 ,
955 1011 958 1016 ,

182 1036 295 1112 0)Per
311 1058 351 1100 ea
368 1058 454 1119 quae
472 1037 583 1098 diserte
597 1039 856 1120 promittuntur.
1187 1098 1189 1102 ,
1222 1115 1229 1127 .

182 1057 227 1180 ia
253 1119 342 1198 quia,
376 1141 417 1182 ex
453 1119 626 1183 Ecclesiae
662 1121 901 1195 declaratione,
937 1117 1047 1181 media
1081 1117 1231 1180 Institutr

1219 781 1223 800 ³
1302 793 1366 854 Quid
1373 797 1452 852 postu·

1221 857 1224 861 '
1291 851 1319 898 let
1327 853 1434 910 positive,

143 1201 319 1284 approbati
328 1204 523 1284 'judicanda
533 1210 611 1265 sunt
628 1203 758 1280 idonea,
770 1200 901 1284 positive
915 1201 998 1263 satis
1021 1207 1072 1262 est
1095 1209 1132 1262 ut
1155 1219 1231 1293 pro3
1326 1217 1328 1222 ·

143 1283 252 1346 fessus
277 1297 427 1348 sectetur
455 1285 540 1368 perti
551 1285 696 1346 ctionem
723 1305 782 1368 per
807 1293 889 1345 vota
918 1303 1003 1364 quae
1031 1282 1231 1376 professioni

145 1366 397 1446 conjunguntur
431 1377 464 1429 et
502 1368 716 1430 tolerantiam
751 1365 924 1448 regiminis
956 1366 1106 1428 Inst1tuti
1145 1374 1231 1446 quae

144 1449 259 1509 eadem
274 1451 483 1531 professione
497 1451 701 1514 continetur.
1220 1520 1224 1525 ,

182 1530 216 1608 b)
231 1531 383 1614 Negetive
398 1541 493 1595 vetat
512 1555 519 1594 :
537 1536 569 1610 α)
586 1533 826 1615 Contemptum
842 1530 1070 1614 perfectionis.
1089 1531 1125 1594 S.
1139 1529 1230 1592 Tho·

143 1631 228 1688 mas,
243 1634 273 1687 2,
291 1638 321 1692 2,
339 1635 370 1695 q.
388 1622 456 1691 186,
472 1622 539 1677 art.
555 1615 628 1678 aad
644 1637 671 1678 1.

185 1689 219 1774 β)
245 1694 295 1756 Ea
323 1717 408 1777 quae
436 1705 626 1778 repugnant
652 1697 815 1760 habituali
842 1693 980 1758 conatui
1004 1697 1047 1759 ad
1072 1695 1232 1760 caritatem

147 1773 285 1857 ejusque
294 1778 522 1858 perfectionem.

183 1859 273 1924 225.
292 1863 460 1922 Graviter
473 1872 610 1939 peccat,
628 1869 666 1923 ut
681 1863 826 1924 violator
840 1863 941 1944 hujus
954 1861 1169 1944 obligationis
1187 1882 1194 1922 ε

186 1964 214 2004 1.
229 1940 294 2020 Qui
307 1944 493 2005 contemnit
510 1943 761 2024 perlectionem,
777 1944 823 2006 ita
839 1951 876 2006 ut
892 1944 1033 2025 positive
1050 1951 1179 2006 statuat
1195 1962 1230 2004 se

140 2025 1229 2107 nolleadipisciperfectionem.Sanchez,inDecei.l·.6,c.·5,n.1o.

181 2128 211 2168 2.
230 2109 294 2192 Qui
311 2107 489 2188 frequenter
505 2111 690 2192 perrumpit
712 2116 793 2171 vota
818 2111 872 2170 vel
900 2111 965 2172 alia
990 2109 1113 2190 quaevis
1135 2127 1230 2190 prae·

141 2198 238 2270 cepta
252 2191 376 2275 gravia.
394 2190 528 2273 Singula
551 2193 639 2254 enim
656 2198 795 2272 peccata
812 2211 878 2252 non
901 2192 1129 2254 adversantur
1142 2190 1230 2254 hedi-

143 2272 224 2335 tuali
239 2273 430 2336 intentioni.
450 2275 519 2337 Cir.
538 2274 742 2351 Lehmkuhl,
759 2291 783 2348 1,
798 2292 871 2353 517.

1290 1535 1426 1596 Negative?

1239 1909 1242 1912 ,
1285 1856 1445 1912 Peccategre-

1285 1915 1326 1980 vie
1350 1917 1444 1959 contra·

1286 1983 1336 2019 rra.

181 2377 211 2434 3.
230 2357 294 2439 Qui
311 2356 357 2417 ita
375 2357 560 2418 contemnit
577 2360 727 2437 regulam
741 2356 794 2418 vel
807 2355 998 2438 Superioris
1013 2361 1227 2438 potestatem,
1301 2338 1326 2367 ⁸

139 2442 176 2498 ut
194 2437 394 2501 'virtualiter
418 2440 537 2520 jugum
566 2439 653 2501 istud
684 2446 786 2501 exuat
813 2445 846 2500 et
875 2437 1077 2520 profiteatur
1103 2459 1138 2501 se
1164 2441 1229 2502 hoc

141 2519 302 2600 regimine
315 2523 476 2586 solutum.
492 2522 562 2585 Clr.
580 2523 785 2599 Lehmkuhl‚
802 2521 877 2584 eod.

104 2600 106 2604 ’
180 2626 210 2683 4.
229 2603 293 2686 Qui
308 2603 354 2664 ita
370 2607 548 2686 perturbat
565 2605 773 2686 disciplinam
786 2603 1006 2666 domesticam
1022 2611 1060 2666 ut
1076 2625 1111 2667 se
1127 2625 1228 2687 oppo-

139 2694 198 2747 nat
210 2687 307 2765 gravi
320 2688 470 2768 periculo
484 2689 670 2770 ejectionis
685 2689 876 2770 Laymann‚
892 2690 912 2749 l.
923 2711 954 2768 4,
969 2696 1011 2748 tr.
1023 2707 1053 2766 5,
1069 2708 1096 2749 c.
1109 2710 1140 2770 9,
1156 2709 1227 2768 n‚9.

177 2769 241 2830 His
260 2771 347 2832 enim
373 2772 514 2847 artibus,
535 2773 588 2832 vel
611 2771 798 2834 formaliter
820 2774 875 2832 vel
897 2771 1088 2834 virtualiter
1113 2773 1228 2850 abjicit
1321 2837 1325 2844 ,

138 2850 208 2912 sive
221 2851 328 2943 ipsum
342 2853 489 2914 studium
505 2853 720 2936 perfectionis
737 2857 806 2916 sive
824 2852 903 2915 illud
915 2853 1003 2934 quod
1020 2853 1227 2936 professione

137 2943 301 3011 promisit.

179 3013 225 3074 N.
256 3013 297 3073 Β.
326 3015 442 3090 Itaque
472 3016 557 3076 haec
587 3036 676 3078 nova
706 3017 833 3096 species
862 3018 926 3079 erit
953 3017 985 3078 in
1017 3018 1227 3082 confessione

140 3092 355 3156 declaranda.
373 3096 474 3169 Dum,
501 3107 633 3174 contra,
658 3098 714 3177 qui
730 3099 763 3159 in
788 3099 902 3160 seculo
918 3100 983 3160 tria
999 3099 1116 3162 fecerit
1132 3111 1225 3182 vota,

139 3175 251 3237 debito
267 3175 331 3236 isto
359 3185 410 3236 est
433 3177 589 3239 immunis
606 3198 667 3239 nec
684 3180 762 3240 novi
775 3183 905 3259 peccati
920 3191 971 3242 est
988 3201 1066 3243 reus
1082 3183 1155 3246 siv.
1172 3204 1225 3265 gr.

141 3258 174 3319 in
190 3257 380 3319 habituales
396 3268 552 3338 erumpat
567 3260 804 3338 blasphemias,

179 3341 268 3405 226.
287 3343 441 3402 Peccata
459 3343 554 3403 levia
572 3344 608 3402 in
624 3344 742 3404 haere
759 3344 938 3405 committit
955 3363 963 3405 ε

182 3443 211 3484 1.
239 3423 302 3506 Qui
330 3423 536 3503 frequenter,
569 3423 692 3505 liquido
721 3425 844 3503 animo,
876 3426 1056 3488 committit
1085 3434 1226 3510 peccata

138 3504 294 3569 venialia.
304 3506 399 3568 Haec
409 3506 495 3568 enim
504 3507 601 3568 valde
610 3507 794 3588 impediunt
806 3509 958 3570 caritatis
973 3510 1223 3589 perfectionem.

180 3609 210 3650 2.
229 3588 293 3671 Qui
309 3609 349 3650 ea
366 3597 499 3651 tantum
515 3589 659 3651 intendit
682 3609 820 3652 servare
836 3611 921 3671 quae
944 3592 1006 3652 sub
1032 3592 1127 3673 gravi
1143 3593 1224 3655 obli·

138 3676 220 3749 gant
237 3680 270 3732 et
285 3672 405 3733 statuit
428 3691 468 3733 ea
490 3673 660 3753 negligere
682 3692 767 3752 quae
784 3675 890 3736 levem
908 3674 1034 3736 habent
1049 3676 1224 3757 obligatio-

138 3755 228 3813 nem.
254 3755 330 3816 Non
357 3755 478 3816 desunt
505 3754 560 3835 qui
592 3755 670 3817 illud
699 3757 815 3836 gravis
841 3766 988 3837 arguant
1015 3767 1141 3820 reatus.
1172 3759 1225 3821 lta

141 3831 305 3911 Sanchez‚
333 3837 355 3898 l.
384 3856 414 3899 c.
441 3856 475 3900 n.
504 3857 535 3917 7.
559 3839 634 3901 Non
661 3845 796 3900 constat
818 3847 933 3902 tamen
960 3838 1152 3920 religiosum
1176 3842 1223 3902 sic

136 3915 274 3993 graviter
290 3918 453 3999 derogare
470 3919 560 3981 vitae
575 3920 723 4001 regulari
746 3941 846 4000 quam
861 3921 1051 4004 profitetur,
1073 3933 1106 3984 et
1122 3924 1223 3986 etiam

139 4001 210 4057 turn
226 4016 286 4077 per
301 4001 493 4064 essentialia
508 4009 618 4064 status
642 4003 816 4066 intendere
843 4014 953 4086 potest
969 4004 1221 4086 perfectionem.

140 4076 210 4140 Ct'r.
228 4079 263 4141 S.
281 4081 502 4161 Alphonsum,
517 4086 538 4147 l.
556 4087 645 4165 4(5)‚
663 4107 684 4146 n
718 4106 750 4146 11
768 4107 775 4163 ;
792 4077 999 4166 Palinieri,'l.
1018 4107 1046 4150 c.
1062 4107 1095 4151 n.
1113 4107 1164 4168 95.

179 4161 269 4228 227.
288 4167 363 4225 Nec
378 4176 503 4242 peccat
519 4187 582 4244 per
595 4188 633 4229 se
649 4170 685 4229 in
697 4171 764 4230 hac
781 4189 840 4232 re:

182 4266 211 4306 1.
225 4245 290 4328 Qui
302 4252 381 4308 actu
398 4267 464 4308 non
481 4259 532 4310 est
555 4251 736 4332 perfectus,
751 4251 968 4331 quantumvis
981 4260 1163 4332 provectae
1181 4254 1224 4316 sit

138 4327 1222 4418 aetatis:conatusenim‚nonperfectio,ipsiestobligatiostatus.

1300 3368 1400 3436 i'ecceta
1410 3369 1439 3416 le·

1280 3439 1320 3493 vra
1345 3432 1438 3476 contra-

1279 3497 1328 3531 rra.

1282 4196 1435 4264 Variicasus.
