3148 5004
162 433 338 514 [181-182]
496 455 532 491 ns
549 456 716 492 Anurssrous
731 457 760 490 nr
777 455 952 492 nunciorum
1186 431 1245 496 109

198 617 232 676 4.
249 592 320 656 Nisi
336 593 479 670 alteram
496 596 531 658 S.
550 595 589 659 C.
607 595 671 676 Ep.
689 601 722 656 et
739 595 824 676 Reg.
842 593 1018 657 indulserit
1030 595 1243 676 solutionem,

160 675 222 739 dos
244 678 405 741 solvenda
428 687 480 739 est
502 686 693 763 numerato,
718 686 797 739 ante
814 678 949 741 habitus
972 678 1243 759 susceptionem,;

161 766 195 821 et
211 759 354 843 pecunia
380 761 577 854 deponenda
600 770 651 824 est
674 762 763 842 apud
780 760 890 822 virum
908 761 1010 823 fidum
1028 767 1061 823 et
1077 761 1245 824 facultati-

158 843 222 904 bus
248 841 416 917 idoneum,
442 864 509 924 qur,
543 851 659 906 secuta
686 842 907 924 professione,
936 863 1011 905 eam
1038 845 1245 908 monasterio

158 927 294 988 tradere
307 926 473 988 debet'-
483 927 613 989 Deinde
626 926 724 988 debet
738 925 770 988 in
784 926 894 988 fundis
907 925 990 989 tutis
1002 945 1041 990 ac
1054 927 1242 1002 stabilibus,

156 1011 223 1086 vet,
240 1008 293 1070 his
317 1010 560 1087 deficientibus
586 1008 618 1072 in
643 1009 800 1072 censibus
823 1008 952 1072 securis
977 1009 1157 1088 collocari3
1182 1031 1244 1073 nec

162 1093 234 1154 sine
264 1093 399 1155 licentia
429 1091 465 1154 S.
494 1092 590 1154 Sedis
621 1091 764 1171 impendi
795 1100 907 1175 potest
937 1091 970 1154 in
1001 1093 1245 1173 exstinguenda

162 1175 287 1254 debita,
302 1177 528 1238 construenda
542 1172 704 1244 aedificia,
724 1181 789 1238 etc.
809 1175 880 1238 cfr.
897 1175 1016 1238 Lucidi
1030 1196 1063 1238 n.
1085 1197 1152 1255 193·
1173 1196 1242 1258 194,

183 1280 279 1322 .211.

158 1280 178 1343 p
199 1360 230 1420 5.
259 1339 295 1404 Si
324 1341 435 1423 puella
459 1342 609 1402 claustra
634 1341 769 1401 deserat
785 1347 856 1404 ante
872 1338 1101 1422 professionem,
1130 1341 1244 1404 omnia

158 1443 243 1504 quae
260 1422 363 1504 ipsius
380 1431 478 1488 erant
494 1425 523 1486 ei
540 1431 619 1484 sunt
635 1423 857 1485 restituenda.
874 1424 968 1487 Trid.
986 1444 1014 1486 s.
1031 1443 1082 1501 25.
1099 1425 1149 1486 De
1163 1425 1241 1508 Reg.

159 1527 188 1570 c.
210 1512 258 1584 16,
282 1515 424 1588 excepta
447 1507 542 1588 justa
568 1507 842 1586 compensatione
867 1508 1107 1588 impensarum.
1135 1508 1244 1569 Bouix

160 1597 185 1652 t.
205 1613 232 1667 1,
254 1608 286 1669 p.
304 1594 375 1667 666,
392 1597 485 1651 nota.
815 1617 820 1628 ’

199 1677 229 1735 6.
244 1671 394 1734 Sollemni
408 1681 521 1734 autern
532 1670 720 1752 professione
736 1671 796 1732 dos
820 1670 1007 1750 acquiritur
1023 1671 1242 1735 monasterie.

157 1755 210 1817 Ex
228 1756 376 1835 quadarn
409 1765 523 1818 tamen
550 1755 732 1834 aequitate,
764 1754 851 1814 solet
879 1754 985 1817 Sacra
1015 1753 1244 1836 Congregatio

158 1840 352 1920 praecipere
368 1837 455 1900 dotis
472 1837 719 1900 restitutionem
735 1859 741 1897 ι

200 1924 232 1999 a)
251 1921 286 1983 Si
304 1922 493 1984 discedendi
512 1940 649 1983 causam
663 1921 792 1981 dederit
806 1919 1072 1997 monasterium

199 2005 233 2082 b)
251 2003 286 2067 Si
303 2005 345 2066 ad
361 2005 503 2065 alteram
521 2004 677 2066 monialis
694 2011 846 2064 transeat
861 2002 1073 2083 Religionem
1089 2023 1096 2080 ;

200 2089 230 2164 c)
247 2086 283 2148 Si
310 2087 466 2149 monialis
493 2087 608 2168 inopia
633 2085 787 2148 laboret:
812 2091 892 2146 tunc
916 2089 969 2148 vel
991 2087 1051 2147 dos
1075 2085 1243 2148 reddenda

158 2177 210 2231 est
225 2170 278 2230 vel
295 2170 498 2250 praestanda
515 2176 594 2231 sunt
610 2170 782 2230 alimenta.

202 2251 287 2316 182.
304 2252 346 2314 11.
364 2256 416 2314 De
433 2255 613 2315 institutis
630 2263 794 2313 votorum
812 2252 1041 2328 simplicium.
1062 2271 1089 2313 1.
1107 2251 1243 2332 Quanta

161 2333 206 2394 sit
228 2336 372 2416 petenda
387 2337 458 2403 dos,
477 2338 672 2417 plerumque
690 2337 771 2415 ipsis
786 2333 1095 2397 Constitutionibus
1111 2333 1240 2396 definiri

159 2421 193 2477 et
205 2434 252 2477 sic
264 2435 284 2476 a
297 2417 332 2482 S.
347 2418 432 2481 Sede
445 2419 626 2501 approbari
639 2426 689 2480 est
702 2418 850 2480 solitum.
865 2417 1063 2480 Dioecesunis
1074 2416 1242 2479 institutis

164 2498 273 2560 dotem
299 2500 435 2564 definiet
461 2503 663 2587 Episcopus,
681 2502 905 2582 interrogata,
924 2510 961 2564 ut
987 2521 1049 2583 par
1064 2508 1127 2579 est,
1152 2519 1242 2562 corn·

160 2587 334 2646 munitate.

199 2687 228 2729 2.
246 2665 341 2747 Quae
367 2673 567 2731 statuuntur
594 2670 634 2731 de
662 2670 739 2733 dote
766 2666 972 2746 monialium,
996 2674 1087 2746 sunt,
1105 2687 1147 2728 ex
1169 2685 1242 2728 sen·

158 2751 264 2810 tentia
281 2749 316 2811 S.
334 2749 628 2832 Congregationis,
648 2752 883 2814 transferenda
906 2753 947 2812 ad
965 2750 1240 2826 Conservatoria‚

158 2831 370 2894 observando
386 2842 500 2897 tamen
513 2836 674 2917 probatas
690 2835 973 2898 Constitutiones.

198 2935 228 2993 3.
246 2914 372 2976 Stricte
398 2918 453 2978 hic
476 2928 577 2982 etiam
601 2920 661 2979 dos
685 2920 854 2981 servanda
869 2925 920 2980 est
933 2927 969 2980 ut
985 2936 1050 2979 sors
1058 2915 1241 2998 fructifera.

159 2995 222 3056 Est
245 2997 333 3055 enim
357 2998 482 3061 bonum
510 3003 793 3080 ecclesiasticum,
821 3001 909 3083 quod
937 3003 1009 3062 sine
1032 2999 1243 3144 benepliucito

159 3080 345 3154 apostolico
361 3079 501 3142 alienari
519 3081 646 3162 nequit.
664 3082 735 3147 Cir.
752 3094 866 3147 tamen
882 3083 1106 3158 Pellizarium,
1156 3087 1241 3144 raet.

162 3155 459 3227 depromptum.
479 3185 508 3241 3,
526 3183 559 3225 n.
578 3170 616 3226 oo
635 3169 684 3227 68.

161 3321 166 3332 .
199 3263 229 3321 4.
249 3239 515 3308 Conservatono
531 3249 648 3310 statim
665 3247 889 3327 acquiruntur
897 3247 1035 3329 fructus,
1060 3246 1114 3308 dos
1129 3254 1242 3308 autem

159 3342 231 3405 ipsa
239 3326 312 3404 post
325 3331 453 3389 nzortem
465 3334 598 3392 tantum
613 3332 741 3392 sororis

199 3405 313 3487 Quare
327 3409 496 3474 reddenda
512 3420 563 3474 est
587 3415 646 3476 dos
662 3413 772 3476 sorori
786 3433 882 3493 quae,
900 3413 991 3476 facta
1006 3409 1149 3494 simplici
1165 3429 1242 3493 pro-

159 3489 316 3570 fessione,
334 3491 528 3559 discesserit
544 3497 588 3559 ab
604 3498 777 3560 Institut0.
