<?xml version="1.0" encoding="UTF-8"?>
<!DOCTYPE html PUBLIC "-//W3C//DTD XHTML 1.0 Transitional//EN"
    "http://www.w3.org/TR/xhtml1/DTD/xhtml1-transitional.dtd">
<html xmlns="http://www.w3.org/1999/xhtml" xml:lang="en" lang="en">
 <head>
  <title>
</title>
<meta http-equiv="Content-Type" content="text/html;charset=utf-8" />
  <meta name='ocr-system' content='tesseract 3.04.00' />
  <meta name='ocr-capabilities' content='ocr_page ocr_carea ocr_par ocr_line ocrx_word'/>
</head>
<body>
  <div class='ocr_page' id='page_1' title='image "./dereligiosisins00vermgoog_0056.png"; bbox 0 0 3148 5004; ppageno 0'>
   <div class='ocr_carea' id='block_1_1' title="bbox 172 477 1253 568">
    <p class='ocr_par' dir='ltr' id='par_1_1' title="bbox 172 477 1253 568">
     <span class='ocr_line' id='line_1_1' title="bbox 172 477 1253 568; baseline -0.008 -22"><span class='ocrx_word' id='word_1_1' title='bbox 172 487 307 568; x_wconf 59' lang='lat'>[33235]</span> <span class='ocrx_word' id='word_1_2' title='bbox 451 508 488 542; x_wconf 75' lang='lat' dir='ltr'>on</span> <span class='ocrx_word' id='word_1_3' title='bbox 505 505 696 541; x_wconf 65' lang='lat' dir='ltr'>retractione</span> <span class='ocrx_word' id='word_1_4' title='bbox 712 505 816 540; x_wconf 77' lang='lat' dir='ltr'>srnrus</span> <span class='ocrx_word' id='word_1_5' title='bbox 833 505 969 540; x_wconf 71' lang='lat' dir='ltr'>nacroiosr</span> <span class='ocrx_word' id='word_1_6' title='bbox 1215 477 1253 539; x_wconf 65' lang='lat' dir='ltr'>tl</span> 
     </span>
    </p>
   </div>
   <div class='ocr_carea' id='block_1_2' title="bbox 167 623 1255 888">
    <p class='ocr_par' dir='ltr' id='par_1_2' title="bbox 165 621 1255 888">
     <span class='ocr_line' id='line_1_2' title="bbox 167 623 1254 721; baseline -0.006 -18.011"><span class='ocrx_word' id='word_1_7' title='bbox 167 625 261 717; x_wconf 88' lang='lat' dir='ltr'>tiam,</span> <span class='ocrx_word' id='word_1_8' title='bbox 275 641 364 721; x_wconf 92' lang='lat' dir='ltr'>quod</span> <span class='ocrx_word' id='word_1_9' title='bbox 377 623 479 702; x_wconf 90' lang='lat' dir='ltr'>nemo</span> <span class='ocrx_word' id='word_1_10' title='bbox 496 640 649 720; x_wconf 85' lang='lat' dir='ltr'>ambigit,</span> <span class='ocrx_word' id='word_1_11' title='bbox 667 639 724 701; x_wconf 90' lang='lat' dir='ltr'>scd</span> <span class='ocrx_word' id='word_1_12' title='bbox 740 638 922 716; x_wconf 78' lang='lat' dir='ltr'>quemlibet</span> <span class='ocrx_word' id='word_1_13' title='bbox 937 637 1089 700; x_wconf 88' lang='lat' dir='ltr'>caritatis</span> <span class='ocrx_word' id='word_1_14' title='bbox 1112 635 1254 714; x_wconf 60' lang='lat' dir='ltr'>gradum</span> 
     </span>
     <span class='ocr_line' id='line_1_3' title="bbox 167 717 1255 804; baseline -0.009 -18"><span class='ocrx_word' id='word_1_15' title='bbox 167 725 415 804; x_wconf 88' lang='lat' dir='ltr'>quodammodo</span> <span class='ocrx_word' id='word_1_16' title='bbox 430 723 551 784; x_wconf 87' lang='lat' dir='ltr'>feceris</span> <span class='ocrx_word' id='word_1_17' title='bbox 568 742 648 802; x_wconf 88' lang='lat' dir='ltr'>prae</span> <span class='ocrx_word' id='word_1_18' title='bbox 660 729 795 804; x_wconf 69' lang='lat' dir='ltr'>‘eptum,</span> <span class='ocrx_word' id='word_1_19' title='bbox 814 719 996 783; x_wconf 86' lang='lat' dir='ltr'>contendes</span> <span class='ocrx_word' id='word_1_20' title='bbox 1019 740 1095 783; x_wconf 88' lang='lat' dir='ltr'>eum</span> <span class='ocrx_word' id='word_1_21' title='bbox 1111 719 1146 781; x_wconf 87' lang='lat' dir='ltr'>S.</span> <span class='ocrx_word' id='word_1_22' title='bbox 1164 717 1255 779; x_wconf 84' lang='lat' dir='ltr'>Tho-</span> 
     </span>
     <span class='ocr_line' id='line_1_4' title="bbox 168 803 1254 888; baseline -0.011 -17"><span class='ocrx_word' id='word_1_23' title='bbox 168 827 223 871; x_wconf 89' lang='lat' dir='ltr'>ma</span> <span class='ocrx_word' id='word_1_24' title='bbox 240 807 248 834; x_wconf 85' lang='lat'>¹</span> <span class='ocrx_word' id='word_1_25' title='bbox 267 804 509 888; x_wconf 86' lang='lat' dir='ltr'>perlectionem¹</span> <span class='ocrx_word' id='word_1_26' title='bbox 524 825 598 866; x_wconf 90' lang='lat' dir='ltr'>esse</span> <span class='ocrx_word' id='word_1_27' title='bbox 621 803 816 884; x_wconf 88' lang='lat' dir='ltr'>simpliciter</span> <span class='ocrx_word' id='word_1_28' title='bbox 839 805 872 867; x_wconf 86' lang='lat' dir='ltr'>in</span> <span class='ocrx_word' id='word_1_29' title='bbox 897 803 1134 864; x_wconf 85' lang='lat' dir='ltr'>observatione</span> <span class='ocrx_word' id='word_1_30' title='bbox 1159 818 1254 880; x_wconf 72' lang='lat' dir='ltr'>prae-</span> 
     </span>
    </p>
   </div>
   <div class='ocr_carea' id='block_1_3' title="bbox 166 881 1366 1050">
    <p class='ocr_par' dir='ltr' id='par_1_3' title="bbox 166 881 1366 1050">
     <span class='ocr_line' id='line_1_5' title="bbox 166 881 1366 971; baseline -0.01 -21"><span class='ocrx_word' id='word_1_31' title='bbox 166 890 276 971; x_wconf 75' lang='lat' dir='ltr'>cepti3</span> <span class='ocrx_word' id='word_1_32' title='bbox 309 889 338 952; x_wconf 89' lang='lat' dir='ltr'>si</span> <span class='ocrx_word' id='word_1_33' title='bbox 365 908 450 963; x_wconf 86' lang='lat' dir='ltr'>vero</span> <span class='ocrx_word' id='word_1_34' title='bbox 473 890 674 949; x_wconf 83' lang='lat' dir='ltr'>excellentes</span> <span class='ocrx_word' id='word_1_35' title='bbox 705 887 858 948; x_wconf 87' lang='lat' dir='ltr'>caritatis</span> <span class='ocrx_word' id='word_1_36' title='bbox 887 887 1012 966; x_wconf 88' lang='lat' dir='ltr'>gradus</span> <span class='ocrx_word' id='word_1_37' title='bbox 1049 881 1255 949; x_wconf 76' lang='lat' dir='ltr'>referasad</span> <span class='ocrx_word' id='word_1_38' title='bbox 1346 929 1366 940; x_wconf 74' lang='grc'>.,</span> 
     </span>
     <span class='ocr_line' id='line_1_6' title="bbox 170 966 1335 1050; baseline -0.008 -17"><span class='ocrx_word' id='word_1_39' title='bbox 170 971 322 1048; x_wconf 84' lang='lat' dir='ltr'>consilia,</span> <span class='ocrx_word' id='word_1_40' title='bbox 350 970 590 1050; x_wconf 83' lang='lat' dir='ltr'>perfectionem</span> <span class='ocrx_word' id='word_1_41' title='bbox 606 970 695 1031; x_wconf 92' lang='lat' dir='ltr'>dices</span> <span class='ocrx_word' id='word_1_42' title='bbox 716 969 855 1031; x_wconf 88' lang='lat' dir='ltr'>consilio</span> <span class='ocrx_word' id='word_1_43' title='bbox 878 975 1071 1030; x_wconf 80' lang='lat' dir='ltr'>contentam</span> <span class='ocrx_word' id='word_1_44' title='bbox 1094 968 1118 1030; x_wconf 83' lang='lat'>².</span> <span class='ocrx_word' id='word_1_45' title='bbox 1144 966 1253 1048; x_wconf 89' lang='lat' dir='ltr'>Quam</span> <span class='ocrx_word' id='word_1_46' title='bbox 1334 1013 1335 1017; x_wconf 65' lang='lat'>,</span> 
     </span>
    </p>
   </div>
   <div class='ocr_carea' id='block_1_4' title="bbox 92 1051 1255 1463">
    <p class='ocr_par' dir='ltr' id='par_1_4' title="bbox 92 1051 1202 1132">
     <span class='ocr_line' id='line_1_7' title="bbox 92 1051 1202 1132; baseline -0.002 -17"><span class='ocrx_word' id='word_1_47' title='bbox 92 1066 116 1120; x_wconf 64' lang='grc' dir='ltr'><strong><em>ἴ</em></strong></span> <span class='ocrx_word' id='word_1_48' title='bbox 169 1054 431 1132; x_wconf 87' lang='lat' dir='ltr'>disputationem</span> <span class='ocrx_word' id='word_1_49' title='bbox 446 1060 520 1115; x_wconf 90' lang='lat' dir='ltr'>tuto</span> <span class='ocrx_word' id='word_1_50' title='bbox 536 1071 714 1132; x_wconf 91' lang='lat' dir='ltr'>possumus</span> <span class='ocrx_word' id='word_1_51' title='bbox 730 1053 866 1114; x_wconf 89' lang='lat' dir='ltr'>missam</span> <span class='ocrx_word' id='word_1_52' title='bbox 883 1051 1007 1114; x_wconf 83' lang='lat' dir='ltr'>facere.</span> <span class='ocrx_word' id='word_1_53' title='bbox 1201 1097 1202 1100; x_wconf 63' lang='lat'>,</span> 
     </span>
    </p>

    <p class='ocr_par' dir='ltr' id='par_1_5' title="bbox 164 1131 1255 1463">
     <span class='ocr_line' id='line_1_8' title="bbox 164 1131 1255 1209; baseline -0.01 -10"><span class='ocrx_word' id='word_1_54' title='bbox 164 1183 167 1188; x_wconf 81' lang='grc'><strong>-</strong></span> <span class='ocrx_word' id='word_1_55' title='bbox 209 1138 274 1202; x_wconf 78' lang='lat'>34.</span> <span class='ocrx_word' id='word_1_56' title='bbox 295 1159 322 1202; x_wconf 89' lang='lat'>1.</span> <span class='ocrx_word' id='word_1_57' title='bbox 339 1133 516 1206; x_wconf 80' lang='lat' dir='ltr'>Perfectio,</span> <span class='ocrx_word' id='word_1_58' title='bbox 534 1135 581 1194; x_wconf 89' lang='lat' dir='ltr'>ait</span> <span class='ocrx_word' id='word_1_59' title='bbox 598 1135 634 1197; x_wconf 88' lang='lat' dir='ltr'>S.</span> <span class='ocrx_word' id='word_1_60' title='bbox 651 1133 814 1209; x_wconf 84' lang='lat' dir='ltr'>Thomas,</span> <span class='ocrx_word' id='word_1_61' title='bbox 832 1133 930 1194; x_wconf 91' lang='lat' dir='ltr'>estin</span> <span class='ocrx_word' id='word_1_62' title='bbox 948 1131 1095 1194; x_wconf 86' lang='lat' dir='ltr'>consiliis</span> <span class='ocrx_word' id='word_1_63' title='bbox 1120 1149 1255 1190; x_wconf 61' lang='lat' dir='ltr'>«secan-</span> 
     </span>
     <span class='ocr_line' id='line_1_9' title="bbox 169 1213 1254 1294; baseline -0.006 -16"><span class='ocrx_word' id='word_1_64' title='bbox 169 1217 259 1282; x_wconf 83' lang='lat' dir='ltr'>darr&#39;o</span> <span class='ocrx_word' id='word_1_65' title='bbox 282 1223 308 1278; x_wconf 86' lang='lat' dir='ltr'>et</span> <span class='ocrx_word' id='word_1_66' title='bbox 330 1215 604 1280; x_wconf 70' lang='lat' dir='ltr'>instrumentaliter</span> <span class='ocrx_word' id='word_1_67' title='bbox 630 1245 658 1277; x_wconf 89' lang='lat'>›&gt;.</span> <span class='ocrx_word' id='word_1_68' title='bbox 682 1215 974 1292; x_wconf 73' lang='lat' dir='ltr'>instrumentaliter,</span> <span class='ocrx_word' id='word_1_69' title='bbox 1001 1213 1254 1294; x_wconf 83' lang='lat' dir='ltr'>quatenus-hac</span> 
     </span>
     <span class='ocr_line' id='line_1_10' title="bbox 168 1298 1255 1380; baseline -0.001 -22"><span class='ocrx_word' id='word_1_70' title='bbox 168 1299 365 1363; x_wconf 86' lang='lat' dir='ltr'>viacertius</span> <span class='ocrx_word' id='word_1_71' title='bbox 381 1307 415 1362; x_wconf 88' lang='lat' dir='ltr'>et</span> <span class='ocrx_word' id='word_1_72' title='bbox 438 1299 540 1361; x_wconf 84' lang='lat' dir='ltr'>altius</span> <span class='ocrx_word' id='word_1_73' title='bbox 567 1300 674 1380; x_wconf 86' lang='lat' dir='ltr'>ipsam</span> <span class='ocrx_word' id='word_1_74' title='bbox 700 1300 912 1378; x_wconf 86' lang='lat' dir='ltr'>assequimur</span> <span class='ocrx_word' id='word_1_75' title='bbox 931 1298 1127 1373; x_wconf 80' lang='lat' dir='ltr'>caritatem3</span> <span class='ocrx_word' id='word_1_76' title='bbox 1150 1305 1255 1357; x_wconf 54' lang='lat' dir='ltr'>secun*</span> 
     </span>
     <span class='ocr_line' id='line_1_11' title="bbox 168 1377 1253 1463; baseline -0.005 -21"><span class='ocrx_word' id='word_1_77' title='bbox 168 1381 269 1459; x_wconf 78' lang='lat' dir='ltr'>dario,</span> <span class='ocrx_word' id='word_1_78' title='bbox 288 1391 454 1462; x_wconf 89' lang='lat' dir='ltr'>quatenus</span> <span class='ocrx_word' id='word_1_79' title='bbox 478 1383 638 1462; x_wconf 88' lang='lat' dir='ltr'>primario</span> <span class='ocrx_word' id='word_1_80' title='bbox 662 1381 903 1456; x_wconf 81' lang='lat' dir='ltr'>attendendum</span> <span class='ocrx_word' id='word_1_81' title='bbox 919 1380 1038 1455; x_wconf 90' lang='lat' dir='ltr'>estad</span> <span class='ocrx_word' id='word_1_82' title='bbox 1062 1377 1253 1463; x_wconf 82' lang='lat' dir='ltr'>praecepta,</span> 
     </span>
    </p>
   </div>
   <div class='ocr_carea' id='block_1_5' title="bbox 168 1463 1285 1548">
    <p class='ocr_par' dir='ltr' id='par_1_6' title="bbox 168 1463 1285 1548">
     <span class='ocr_line' id='line_1_12' title="bbox 168 1463 1285 1548; baseline -0.003 -24"><span class='ocrx_word' id='word_1_83' title='bbox 168 1466 292 1548; x_wconf 83' lang='lat' dir='ltr'>quippe</span> <span class='ocrx_word' id='word_1_84' title='bbox 301 1485 389 1544; x_wconf 89' lang='lat' dir='ltr'>quae</span> <span class='ocrx_word' id='word_1_85' title='bbox 400 1475 599 1531; x_wconf 82' lang='lat' dir='ltr'>removeant</span> <span class='ocrx_word' id='word_1_86' title='bbox 612 1484 652 1524; x_wconf 89' lang='lat' dir='ltr'>ea</span> <span class='ocrx_word' id='word_1_87' title='bbox 663 1465 783 1543; x_wconf 90' lang='lat' dir='ltr'>quibus</span> <span class='ocrx_word' id='word_1_88' title='bbox 794 1463 1253 1544; x_wconf 82' lang='lat' dir='ltr'>caritascomponinequeat,</span> <span class='ocrx_word' id='word_1_89' title='bbox 1281 1509 1285 1513; x_wconf 90' lang='lat'><em>.</em></span> 
     </span>
    </p>
   </div>
   <div class='ocr_carea' id='block_1_6' title="bbox 88 1543 1257 2784">
    <p class='ocr_par' dir='ltr' id='par_1_7' title="bbox 88 1543 1256 2038">
     <span class='ocr_line' id='line_1_13' title="bbox 162 1543 1256 1626; baseline -0.005 -17"><span class='ocrx_word' id='word_1_90' title='bbox 162 1548 245 1616; x_wconf 51' lang='lat' dir='ltr'>¹dum</span> <span class='ocrx_word' id='word_1_91' title='bbox 262 1547 402 1609; x_wconf 89' lang='lat' dir='ltr'>consilia</span> <span class='ocrx_word' id='word_1_92' title='bbox 426 1550 547 1608; x_wconf 90' lang='lat' dir='ltr'>tollunt</span> <span class='ocrx_word' id='word_1_93' title='bbox 563 1566 603 1606; x_wconf 89' lang='lat' dir='ltr'>ea</span> <span class='ocrx_word' id='word_1_94' title='bbox 626 1566 712 1626; x_wconf 91' lang='lat' dir='ltr'>quae</span> <span class='ocrx_word' id='word_1_95' title='bbox 734 1546 869 1608; x_wconf 88' lang='lat' dir='ltr'>caritati</span> <span class='ocrx_word' id='word_1_96' title='bbox 886 1567 951 1608; x_wconf 90' lang='lat' dir='ltr'>non</span> <span class='ocrx_word' id='word_1_97' title='bbox 980 1552 1059 1607; x_wconf 91' lang='lat' dir='ltr'>sunt</span> <span class='ocrx_word' id='word_1_98' title='bbox 1083 1543 1256 1607; x_wconf 91' lang='lat' dir='ltr'>contraria</span> 
     </span>
     <span class='ocr_line' id='line_1_14' title="bbox 166 1628 1253 1710; baseline -0.006 -18"><span class='ocrx_word' id='word_1_99' title='bbox 166 1631 226 1692; x_wconf 88' lang='lat' dir='ltr'>sed</span> <span class='ocrx_word' id='word_1_100' title='bbox 243 1650 302 1710; x_wconf 89' lang='lat' dir='ltr'>per</span> <span class='ocrx_word' id='word_1_101' title='bbox 317 1641 353 1691; x_wconf 89' lang='lat' dir='ltr'>se</span> <span class='ocrx_word' id='word_1_102' title='bbox 369 1631 442 1710; x_wconf 87' lang='lat' dir='ltr'>ejus</span> <span class='ocrx_word' id='word_1_103' title='bbox 458 1629 610 1690; x_wconf 88' lang='lat' dir='ltr'>officiunt</span> <span class='ocrx_word' id='word_1_104' title='bbox 626 1629 771 1694; x_wconf 54' lang='lat' dir='ltr'>actibus..</span> <span class='ocrx_word' id='word_1_105' title='bbox 796 1628 867 1691; x_wconf 87' lang='lat' dir='ltr'>Clr.</span> <span class='ocrx_word' id='word_1_106' title='bbox 885 1651 916 1692; x_wconf 83' lang='lat'>2.</span> <span class='ocrx_word' id='word_1_107' title='bbox 939 1649 969 1698; x_wconf 88' lang='lat'>2,</span> <span class='ocrx_word' id='word_1_108' title='bbox 987 1648 1019 1708; x_wconf 89' lang='lat' dir='ltr'>q.</span> <span class='ocrx_word' id='word_1_109' title='bbox 1047 1635 1114 1709; x_wconf 84' lang='lat'>184,</span> <span class='ocrx_word' id='word_1_110' title='bbox 1139 1637 1205 1689; x_wconf 87' lang='lat' dir='ltr'>art.</span> <span class='ocrx_word' id='word_1_111' title='bbox 1224 1647 1253 1704; x_wconf 72' lang='lat'>3.</span> 
     </span>
     <span class='ocr_line' id='line_1_15' title="bbox 88 1709 1255 1791; baseline -0.005 -17"><span class='ocrx_word' id='word_1_112' title='bbox 88 1731 91 1745; x_wconf 77' lang='lat'>¹</span> <span class='ocrx_word' id='word_1_113' title='bbox 166 1775 169 1782; x_wconf 79' lang='grc'><strong>,</strong></span> <span class='ocrx_word' id='word_1_114' title='bbox 210 1733 240 1774; x_wconf 84' lang='lat'>2.</span> <span class='ocrx_word' id='word_1_115' title='bbox 258 1713 303 1778; x_wconf 91' lang='lat' dir='ltr'>Ut</span> <span class='ocrx_word' id='word_1_116' title='bbox 318 1711 466 1778; x_wconf 83' lang='lat' dir='ltr'>humana</span> <span class='ocrx_word' id='word_1_117' title='bbox 479 1719 530 1772; x_wconf 90' lang='lat' dir='ltr'>est</span> <span class='ocrx_word' id='word_1_118' title='bbox 553 1709 777 1789; x_wconf 87' lang='lat' dir='ltr'>imbecillitas,</span> <span class='ocrx_word' id='word_1_119' title='bbox 806 1711 868 1774; x_wconf 90' lang='lat' dir='ltr'>nisi</span> <span class='ocrx_word' id='word_1_120' title='bbox 896 1711 970 1791; x_wconf 93' lang='lat' dir='ltr'>quis</span> <span class='ocrx_word' id='word_1_121' title='bbox 992 1729 1152 1772; x_wconf 88' lang='lat' dir='ltr'>exercere</span> <span class='ocrx_word' id='word_1_122' title='bbox 1174 1710 1255 1770; x_wconf 90' lang='lat' dir='ltr'>velit</span> 
     </span>
     <span class='ocr_line' id='line_1_16' title="bbox 169 1791 1255 1874; baseline -0.002 -20"><span class='ocrx_word' id='word_1_123' title='bbox 169 1795 330 1874; x_wconf 89' lang='lat' dir='ltr'>quosdam</span> <span class='ocrx_word' id='word_1_124' title='bbox 346 1806 444 1861; x_wconf 87' lang='lat' dir='ltr'>actus</span> <span class='ocrx_word' id='word_1_125' title='bbox 459 1795 562 1858; x_wconf 89' lang='lat' dir='ltr'>etiam</span> <span class='ocrx_word' id='word_1_126' title='bbox 586 1813 652 1855; x_wconf 92' lang='lat' dir='ltr'>non</span> <span class='ocrx_word' id='word_1_127' title='bbox 669 1807 879 1874; x_wconf 88' lang='lat' dir='ltr'>praeceptos,</span> <span class='ocrx_word' id='word_1_128' title='bbox 897 1801 934 1856; x_wconf 92' lang='lat' dir='ltr'>ut</span> <span class='ocrx_word' id='word_1_129' title='bbox 950 1793 1124 1870; x_wconf 78' lang='lat' dir='ltr'>orationiS,</span> <span class='ocrx_word' id='word_1_130' title='bbox 1142 1791 1255 1872; x_wconf 90' lang='lat' dir='ltr'>paeni·</span> 
     </span>
     <span class='ocr_line' id='line_1_17' title="bbox 167 1875 1254 1959; baseline -0.004 -21"><span class='ocrx_word' id='word_1_131' title='bbox 167 1877 306 1954; x_wconf 84' lang='lat' dir='ltr'>tentiae,</span> <span class='ocrx_word' id='word_1_132' title='bbox 323 1887 402 1952; x_wconf 91' lang='lat' dir='ltr'>etc.,</span> <span class='ocrx_word' id='word_1_133' title='bbox 421 1876 661 1959; x_wconf 85' lang='lat' dir='ltr'>perlectionem</span> <span class='ocrx_word' id='word_1_134' title='bbox 680 1878 901 1939; x_wconf 87' lang='lat' dir='ltr'>christianam</span> <span class='ocrx_word' id='word_1_135' title='bbox 918 1875 1057 1958; x_wconf 87' lang='lat' dir='ltr'>adipisci</span> <span class='ocrx_word' id='word_1_136' title='bbox 1080 1896 1147 1937; x_wconf 91' lang='lat' dir='ltr'>non</span> <span class='ocrx_word' id='word_1_137' title='bbox 1163 1875 1254 1936; x_wconf 87' lang='lat' dir='ltr'>vale·</span> 
     </span>
     <span class='ocr_line' id='line_1_18' title="bbox 167 1959 898 2038; baseline -0.001 -18"><span class='ocrx_word' id='word_1_138' title='bbox 167 1959 228 2022; x_wconf 90' lang='lat' dir='ltr'>bit.</span> <span class='ocrx_word' id='word_1_139' title='bbox 245 1959 321 2021; x_wconf 78' lang='lat' dir='ltr'>cfr..</span> <span class='ocrx_word' id='word_1_140' title='bbox 337 1960 478 2034; x_wconf 86' lang='lat' dir='ltr'>Suarez,</span> <span class='ocrx_word' id='word_1_141' title='bbox 495 1979 526 2023; x_wconf 85' lang='lat' dir='ltr'>c.</span> <span class='ocrx_word' id='word_1_142' title='bbox 547 1982 594 2036; x_wconf 91' lang='lat'>10,</span> <span class='ocrx_word' id='word_1_143' title='bbox 612 1980 646 2021; x_wconf 89' lang='lat' dir='ltr'>n.</span> <span class='ocrx_word' id='word_1_144' title='bbox 664 1981 694 2038; x_wconf 87' lang='lat'>3.</span> <span class='ocrx_word' id='word_1_145' title='bbox 897 2023 898 2026; x_wconf 50' lang='lat'>,</span> 
     </span>
    </p>

    <p class='ocr_par' dir='ltr' id='par_1_8' title="bbox 124 2038 1256 2452">
     <span class='ocr_line' id='line_1_19' title="bbox 208 2038 1255 2123; baseline -0.006 -19"><span class='ocrx_word' id='word_1_146' title='bbox 208 2065 239 2121; x_wconf 85' lang='lat'>3.</span> <span class='ocrx_word' id='word_1_147' title='bbox 262 2043 430 2105; x_wconf 85' lang='lat' dir='ltr'>Perfectio</span> <span class='ocrx_word' id='word_1_148' title='bbox 456 2049 571 2104; x_wconf 89' lang='lat' dir='ltr'>tamen</span> <span class='ocrx_word' id='word_1_149' title='bbox 596 2043 718 2104; x_wconf 78' lang='lat' dir='ltr'>haberi</span> <span class='ocrx_word' id='word_1_150' title='bbox 746 2048 857 2123; x_wconf 90' lang='lat' dir='ltr'>potest</span> <span class='ocrx_word' id='word_1_151' title='bbox 885 2041 987 2103; x_wconf 91' lang='lat' dir='ltr'>etiam</span> <span class='ocrx_word' id='word_1_152' title='bbox 1017 2060 1082 2101; x_wconf 92' lang='lat' dir='ltr'>non</span> <span class='ocrx_word' id='word_1_153' title='bbox 1110 2038 1255 2120; x_wconf 91' lang='lat' dir='ltr'>impletis</span> 
     </span>
     <span class='ocr_line' id='line_1_20' title="bbox 163 2121 1256 2211; baseline -0.004 -26"><span class='ocrx_word' id='word_1_154' title='bbox 163 2124 319 2195; x_wconf 83' lang='lat' dir='ltr'>consiliis</span> <span class='ocrx_word' id='word_1_155' title='bbox 331 2125 549 2211; x_wconf 81' lang='lat' dir='ltr'>evangelicis.</span> <span class='ocrx_word' id='word_1_156' title='bbox 567 2123 672 2209; x_wconf 75' lang='lat' dir='ltr'>Cujus</span> <span class='ocrx_word' id='word_1_157' title='bbox 698 2125 746 2187; x_wconf 91' lang='lat' dir='ltr'>rei</span> <span class='ocrx_word' id='word_1_158' title='bbox 770 2124 856 2186; x_wconf 89' lang='lat' dir='ltr'>ratio</span> <span class='ocrx_word' id='word_1_159' title='bbox 873 2131 936 2201; x_wconf 87' lang='lat' dir='ltr'>est,</span> <span class='ocrx_word' id='word_1_160' title='bbox 955 2131 1025 2184; x_wconf 94' lang='lat' dir='ltr'>tum</span> <span class='ocrx_word' id='word_1_161' title='bbox 1049 2122 1126 2202; x_wconf 92' lang='lat' dir='ltr'>quia</span> <span class='ocrx_word' id='word_1_162' title='bbox 1145 2121 1256 2201; x_wconf 88' lang='lat' dir='ltr'>aptior</span> 
     </span>
     <span class='ocr_line' id='line_1_21' title="bbox 168 2202 1255 2286; baseline -0.005 -19"><span class='ocrx_word' id='word_1_163' title='bbox 168 2208 301 2286; x_wconf 90' lang='lat' dir='ltr'>quidem</span> <span class='ocrx_word' id='word_1_164' title='bbox 319 2209 460 2268; x_wconf 87' lang='lat' dir='ltr'>sednon</span> <span class='ocrx_word' id='word_1_165' title='bbox 480 2207 673 2268; x_wconf 87' lang='lat' dir='ltr'>necessaria</span> <span class='ocrx_word' id='word_1_166' title='bbox 688 2214 767 2268; x_wconf 92' lang='lat' dir='ltr'>sunt</span> <span class='ocrx_word' id='word_1_167' title='bbox 783 2209 839 2268; x_wconf 90' lang='lat' dir='ltr'>via</span> <span class='ocrx_word' id='word_1_168' title='bbox 849 2228 861 2282; x_wconf 82' lang='grc'>;,</span> <span class='ocrx_word' id='word_1_169' title='bbox 881 2214 952 2268; x_wconf 92' lang='lat' dir='ltr'>tum</span> <span class='ocrx_word' id='word_1_170' title='bbox 970 2207 1047 2285; x_wconf 91' lang='lat' dir='ltr'>quia</span> <span class='ocrx_word' id='word_1_171' title='bbox 1058 2209 1112 2283; x_wconf 74' lang='lat' dir='ltr'>per</span> <span class='ocrx_word' id='word_1_172' title='bbox 1126 2223 1156 2270; x_wconf 81' lang='lat' dir='ltr'>se</span> <span class='ocrx_word' id='word_1_173' title='bbox 1184 2202 1255 2282; x_wconf 93' lang='lat' dir='ltr'>qui-</span> 
     </span>
     <span class='ocr_line' id='line_1_22' title="bbox 169 2284 1255 2370; baseline -0.004 -20"><span class='ocrx_word' id='word_1_174' title='bbox 169 2291 243 2350; x_wconf 91' lang='lat' dir='ltr'>dem</span> <span class='ocrx_word' id='word_1_175' title='bbox 268 2289 458 2370; x_wconf 80' lang='lat' dir='ltr'>expediunt,</span> <span class='ocrx_word' id='word_1_176' title='bbox 484 2289 515 2350; x_wconf 94' lang='lat' dir='ltr'>id</span> <span class='ocrx_word' id='word_1_177' title='bbox 531 2296 582 2351; x_wconf 85' lang='lat' dir='ltr'>est</span> <span class='ocrx_word' id='word_1_178' title='bbox 607 2290 813 2370; x_wconf 91' lang='lat' dir='ltr'>plerumque,</span> <span class='ocrx_word' id='word_1_179' title='bbox 838 2290 898 2350; x_wconf 90' lang='lat' dir='ltr'>sed</span> <span class='ocrx_word' id='word_1_180' title='bbox 915 2291 972 2368; x_wconf 72' lang='lat' dir='ltr'>per</span> <span class='ocrx_word' id='word_1_181' title='bbox 994 2286 1132 2348; x_wconf 79' lang='lat' dir='ltr'>accidens</span> <span class='ocrx_word' id='word_1_182' title='bbox 1157 2284 1255 2347; x_wconf 86' lang='lat' dir='ltr'>alicui</span> 
     </span>
     <span class='ocr_line' id='line_1_23' title="bbox 124 2372 650 2452; baseline 0.006 -21"><span class='ocrx_word' id='word_1_183' title='bbox 124 2440 127 2446; x_wconf 24' lang='lat'>¹</span> <span class='ocrx_word' id='word_1_184' title='bbox 171 2380 314 2452; x_wconf 89' lang='lat' dir='ltr'>possunt</span> <span class='ocrx_word' id='word_1_185' title='bbox 331 2391 404 2446; x_wconf 84' lang='lat' dir='ltr'>esse</span> <span class='ocrx_word' id='word_1_186' title='bbox 420 2372 528 2433; x_wconf 90' lang='lat' dir='ltr'>minus</span> <span class='ocrx_word' id='word_1_187' title='bbox 543 2372 650 2434; x_wconf 88' lang='lat' dir='ltr'>utilia.</span> 
     </span>
    </p>

    <p class='ocr_par' dir='ltr' id='par_1_9' title="bbox 168 2451 1257 2784">
     <span class='ocr_line' id='line_1_24' title="bbox 211 2451 1255 2536; baseline -0.005 -21"><span class='ocrx_word' id='word_1_188' title='bbox 211 2476 243 2534; x_wconf 90' lang='lat'>4.</span> <span class='ocrx_word' id='word_1_189' title='bbox 260 2454 335 2515; x_wconf 91' lang='lat' dir='ltr'>Non</span> <span class='ocrx_word' id='word_1_190' title='bbox 353 2461 467 2515; x_wconf 84' lang='lat' dir='ltr'>omnes</span> <span class='ocrx_word' id='word_1_191' title='bbox 484 2455 539 2534; x_wconf 92' lang='lat' dir='ltr'>qui</span> <span class='ocrx_word' id='word_1_192' title='bbox 556 2455 757 2536; x_wconf 87' lang='lat' dir='ltr'>profitentur</span> <span class='ocrx_word' id='word_1_193' title='bbox 773 2453 912 2516; x_wconf 87' lang='lat' dir='ltr'>consilia</span> <span class='ocrx_word' id='word_1_194' title='bbox 927 2451 1122 2532; x_wconf 85' lang='lat' dir='ltr'>evangelica</span> <span class='ocrx_word' id='word_1_195' title='bbox 1138 2469 1255 2512; x_wconf 90' lang='lat' dir='ltr'>ascen·</span> 
     </span>
     <span class='ocr_line' id='line_1_25' title="bbox 171 2527 1254 2616; baseline -0.003 -20"><span class='ocrx_word' id='word_1_196' title='bbox 171 2535 253 2597; x_wconf 91' lang='lat' dir='ltr'>dunt</span> <span class='ocrx_word' id='word_1_197' title='bbox 279 2536 321 2597; x_wconf 89' lang='lat' dir='ltr'>ad</span> <span class='ocrx_word' id='word_1_198' title='bbox 337 2535 589 2616; x_wconf 83' lang='lat' dir='ltr'>perlectionem.</span> <span class='ocrx_word' id='word_1_199' title='bbox 613 2527 778 2616; x_wconf 86' lang='lat' dir='ltr'>Namque,</span> <span class='ocrx_word' id='word_1_200' title='bbox 803 2547 840 2598; x_wconf 93' lang='lat' dir='ltr'>ut</span> <span class='ocrx_word' id='word_1_201' title='bbox 863 2538 1023 2598; x_wconf 89' lang='lat' dir='ltr'>observat</span> <span class='ocrx_word' id='word_1_202' title='bbox 1038 2535 1074 2598; x_wconf 85' lang='lat' dir='ltr'>S.</span> <span class='ocrx_word' id='word_1_203' title='bbox 1091 2533 1254 2610; x_wconf 84' lang='lat' dir='ltr'>Thomas,</span> 
     </span>
     <span class='ocr_line' id='line_1_26' title="bbox 169 2617 1257 2700; baseline 0.002 -20"><span class='ocrx_word' id='word_1_204' title='bbox 169 2640 199 2680; x_wconf 85' lang='lat'>2.</span> <span class='ocrx_word' id='word_1_205' title='bbox 218 2640 247 2695; x_wconf 87' lang='lat'>2,</span> <span class='ocrx_word' id='word_1_206' title='bbox 262 2638 293 2698; x_wconf 91' lang='lat' dir='ltr'>q.</span> <span class='ocrx_word' id='word_1_207' title='bbox 313 2625 380 2699; x_wconf 84' lang='lat'>184,</span> <span class='ocrx_word' id='word_1_208' title='bbox 398 2628 464 2682; x_wconf 87' lang='lat' dir='ltr'>art.</span> <span class='ocrx_word' id='word_1_209' title='bbox 481 2643 511 2700; x_wconf 88' lang='lat'>4,</span> <span class='ocrx_word' id='word_1_210' title='bbox 537 2619 623 2681; x_wconf 91' lang='lat' dir='ltr'>sieut</span> <span class='ocrx_word' id='word_1_211' title='bbox 641 2618 771 2699; x_wconf 81' lang='lat' dir='ltr'>«aliqui</span> <span class='ocrx_word' id='word_1_212' title='bbox 796 2617 935 2700; x_wconf 89' lang='lat' dir='ltr'>implent</span> <span class='ocrx_word' id='word_1_213' title='bbox 957 2620 999 2680; x_wconf 90' lang='lat' dir='ltr'>ad</span> <span class='ocrx_word' id='word_1_214' title='bbox 1015 2617 1103 2699; x_wconf 91' lang='lat' dir='ltr'>quod</span> <span class='ocrx_word' id='word_1_215' title='bbox 1127 2637 1163 2679; x_wconf 91' lang='lat' dir='ltr'>se</span> <span class='ocrx_word' id='word_1_216' title='bbox 1187 2636 1257 2682; x_wconf 93' lang='lat' dir='ltr'>non</span> 
     </span>
     <span class='ocr_line' id='line_1_27' title="bbox 168 2700 1255 2784; baseline 0.001 -23"><span class='ocrx_word' id='word_1_217' title='bbox 168 2700 416 2781; x_wconf 87' lang='lat' dir='ltr'>obligaverunt,</span> <span class='ocrx_word' id='word_1_218' title='bbox 437 2727 450 2757; x_wconf 84' lang='lat'>»</span> <span class='ocrx_word' id='word_1_219' title='bbox 479 2703 527 2763; x_wconf 87' lang='lat' dir='ltr'>ita</span> <span class='ocrx_word' id='word_1_220' title='bbox 543 2701 598 2763; x_wconf 90' lang='lat' dir='ltr'>alii</span> <span class='ocrx_word' id='word_1_221' title='bbox 626 2722 693 2764; x_wconf 88' lang='lat' dir='ltr'>non</span> <span class='ocrx_word' id='word_1_222' title='bbox 720 2712 860 2764; x_wconf 87' lang='lat' dir='ltr'>servant</span> <span class='ocrx_word' id='word_1_223' title='bbox 883 2722 968 2784; x_wconf 89' lang='lat' dir='ltr'>quae</span> <span class='ocrx_word' id='word_1_224' title='bbox 991 2711 1105 2762; x_wconf 87' lang='lat' dir='ltr'>tamen</span> <span class='ocrx_word' id='word_1_225' title='bbox 1130 2700 1255 2782; x_wconf 89' lang='lat' dir='ltr'>promi·</span> 
     </span>
    </p>
   </div>
   <div class='ocr_carea' id='block_1_7' title="bbox 486 2795 489 2802">
    <p class='ocr_par' dir='ltr' id='par_1_10' title="bbox 486 2795 489 2802">
     <span class='ocr_line' id='line_1_28' title="bbox 486 2795 489 2802; baseline 0 0"><span class='ocrx_word' id='word_1_226' title='bbox 486 2795 489 2802; x_wconf 74' lang='lat' dir='ltr'>r</span> 
     </span>
    </p>
   </div>
   <div class='ocr_carea' id='block_1_8' title="bbox 167 2791 1113 3037">
    <p class='ocr_par' dir='ltr' id='par_1_11' title="bbox 167 2791 1113 3037">
     <span class='ocr_line' id='line_1_29' title="bbox 167 2791 661 2854; baseline 0.005 -8"><span class='ocrx_word' id='word_1_227' title='bbox 167 2791 402 2854; x_wconf 80' lang='lat' dir='ltr'>serant.</span> <span class='ocrx_word' id='word_1_228' title='bbox 486 2845 532 2850; x_wconf 86' lang='lat'>..</span> <span class='ocrx_word' id='word_1_229' title='bbox 594 2833 610 2848; x_wconf 70' lang='lat'><strong><em>„</em></strong></span> <span class='ocrx_word' id='word_1_230' title='bbox 659 2847 661 2851; x_wconf 82' lang='lat'>.</span> 
     </span>
     <span class='ocr_line' id='line_1_30' title="bbox 306 2931 1113 3037; baseline 0.004 -22"><span class='ocrx_word' id='word_1_231' title='bbox 306 2938 501 3016; x_wconf 70' lang='lat' dir='ltr'>nnrrcunus</span> <span class='ocrx_word' id='word_1_232' title='bbox 523 2961 569 3016; x_wconf 87' lang='lat'>11..&#39;</span> <span class='ocrx_word' id='word_1_233' title='bbox 585 2956 627 3020; x_wconf 74' lang='grc' dir='ltr'>θ’θ’</span> <span class='ocrx_word' id='word_1_234' title='bbox 647 2937 833 3037; x_wconf 63' lang='lat' dir='ltr'>perfectioni</span> <span class='ocrx_word' id='word_1_235' title='bbox 854 2931 956 3020; x_wconf 74' lang='lat' dir='ltr'>statis</span> <span class='ocrx_word' id='word_1_236' title='bbox 978 2954 1113 3036; x_wconf 67' lang='lat' dir='ltr'>religiosi</span> 
     </span>
    </p>
   </div>
   <div class='ocr_carea' id='block_1_9' title="bbox 80 3121 1255 4028">
    <p class='ocr_par' dir='ltr' id='par_1_12' title="bbox 80 3121 1255 3698">
     <span class='ocr_line' id='line_1_31' title="bbox 209 3121 1255 3206; baseline -0.004 -18"><span class='ocrx_word' id='word_1_237' title='bbox 209 3124 272 3187; x_wconf 79' lang='lat'>35.</span> <span class='ocrx_word' id='word_1_238' title='bbox 292 3143 320 3184; x_wconf 89' lang='lat'>1.</span> <span class='ocrx_word' id='word_1_239' title='bbox 344 3123 476 3183; x_wconf 81' lang='lat' dir='ltr'>Errores</span> <span class='ocrx_word' id='word_1_240' title='bbox 491 3124 650 3206; x_wconf 67' lang='lat' dir='ltr'>contrarii.</span> <span class='ocrx_word' id='word_1_241' title='bbox 667 3127 700 3203; x_wconf 90' lang='lat' dir='ltr'>a)</span> <span class='ocrx_word' id='word_1_242' title='bbox 717 3125 839 3187; x_wconf 88' lang='lat' dir='ltr'>Seculo</span> <span class='ocrx_word' id='word_1_243' title='bbox 862 3141 920 3186; x_wconf 76' lang='lat' dir='ltr'>xvi</span> <span class='ocrx_word' id='word_1_244' title='bbox 943 3144 1059 3186; x_wconf 89' lang='lat' dir='ltr'>osores</span> <span class='ocrx_word' id='word_1_245' title='bbox 1083 3121 1255 3203; x_wconf 85' lang='lat' dir='ltr'>religioso·</span> 
     </span>
     <span class='ocr_line' id='line_1_32' title="bbox 167 3204 1255 3288; baseline 0.002 -22"><span class='ocrx_word' id='word_1_246' title='bbox 167 3224 243 3266; x_wconf 88' lang='lat' dir='ltr'>rum</span> <span class='ocrx_word' id='word_1_247' title='bbox 274 3204 446 3285; x_wconf 82' lang='lat' dir='ltr'>negabant</span> <span class='ocrx_word' id='word_1_248' title='bbox 473 3212 601 3268; x_wconf 87' lang='lat' dir='ltr'>statum</span> <span class='ocrx_word' id='word_1_249' title='bbox 639 3207 833 3287; x_wconf 84' lang='lat' dir='ltr'>religiosum</span> <span class='ocrx_word' id='word_1_250' title='bbox 870 3209 1143 3288; x_wconf 80' lang='lat' dir='ltr'>&#39;anteponendum</span> <span class='ocrx_word' id='word_1_251' title='bbox 1180 3226 1255 3268; x_wconf 89' lang='lat' dir='ltr'>esse</span> 
     </span>
     <span class='ocr_line' id='line_1_33' title="bbox 80 3286 1254 3369; baseline 0.001 -21"><span class='ocrx_word' id='word_1_252' title='bbox 80 3334 83 3340; x_wconf 87' lang='lat'>.</span> <span class='ocrx_word' id='word_1_253' title='bbox 166 3286 273 3348; x_wconf 90' lang='lat' dir='ltr'>statui</span> <span class='ocrx_word' id='word_1_254' title='bbox 289 3288 469 3350; x_wconf 91' lang='lat' dir='ltr'>communi.</span> <span class='ocrx_word' id='word_1_255' title='bbox 484 3288 556 3350; x_wconf 92' lang='lat' dir='ltr'>Hos</span> <span class='ocrx_word' id='word_1_256' title='bbox 573 3289 764 3351; x_wconf 87' lang='lat' dir='ltr'>virtualiter</span> <span class='ocrx_word' id='word_1_257' title='bbox 784 3290 956 3369; x_wconf 86' lang='lat' dir='ltr'>redarguit</span> <span class='ocrx_word' id='word_1_258' title='bbox 973 3303 1069 3350; x_wconf 90' lang='lat' dir='ltr'>conc.</span> <span class='ocrx_word' id='word_1_259' title='bbox 1086 3287 1254 3349; x_wconf 90' lang='lat' dir='ltr'>Tridenti-</span> 
     </span>
     <span class='ocr_line' id='line_1_34' title="bbox 166 3371 1254 3451; baseline 0 -22"><span class='ocrx_word' id='word_1_260' title='bbox 166 3388 259 3445; x_wconf 93' lang='lat' dir='ltr'>num,</span> <span class='ocrx_word' id='word_1_261' title='bbox 277 3389 354 3432; x_wconf 91' lang='lat' dir='ltr'>can.</span> <span class='ocrx_word' id='word_1_262' title='bbox 375 3378 424 3446; x_wconf 76' lang='lat'>1&#39;0,</span> <span class='ocrx_word' id='word_1_263' title='bbox 449 3390 534 3432; x_wconf 75' lang='lat' dir='ltr'>sess,</span> <span class='ocrx_word' id='word_1_264' title='bbox 559 3389 657 3434; x_wconf 78' lang='lat' dir='ltr'>xxiv:</span> <span class='ocrx_word' id='word_1_265' title='bbox 678 3397 691 3426; x_wconf 85' lang='lat'>«</span> <span class='ocrx_word' id='word_1_266' title='bbox 711 3371 836 3451; x_wconf 88' lang='lat' dir='ltr'>Siquis</span> <span class='ocrx_word' id='word_1_267' title='bbox 853 3371 973 3432; x_wconf 84' lang='lat' dir='ltr'>dixerit</span> <span class='ocrx_word' id='word_1_268' title='bbox 989 3380 1115 3431; x_wconf 91' lang='lat' dir='ltr'>statum</span> <span class='ocrx_word' id='word_1_269' title='bbox 1139 3371 1254 3450; x_wconf 87' lang='lat' dir='ltr'>conju-</span> 
     </span>
     <span class='ocr_line' id='line_1_35' title="bbox 167 3452 1252 3533; baseline 0.001 -21"><span class='ocrx_word' id='word_1_270' title='bbox 167 3454 276 3530; x_wconf 88' lang='lat' dir='ltr'>galem</span> <span class='ocrx_word' id='word_1_271' title='bbox 288 3454 561 3533; x_wconf 90' lang='lat' dir='ltr'>anteponendum</span> <span class='ocrx_word' id='word_1_272' title='bbox 573 3474 646 3516; x_wconf 91' lang='lat' dir='ltr'>esse</span> <span class='ocrx_word' id='word_1_273' title='bbox 660 3453 763 3515; x_wconf 86' lang='lat' dir='ltr'>statui</span> <span class='ocrx_word' id='word_1_274' title='bbox 773 3453 976 3532; x_wconf 81' lang='lat' dir='ltr'>virginitatis</span> <span class='ocrx_word' id='word_1_275' title='bbox 991 3454 1044 3512; x_wconf 92' lang='lat' dir='ltr'>vel</span> <span class='ocrx_word' id='word_1_276' title='bbox 1054 3452 1252 3529; x_wconf 64' lang='lat' dir='ltr'>caelibatus</span> 
     </span>
     <span class='ocr_line' id='line_1_36' title="bbox 168 3531 1254 3609; baseline 0.003 -15"><span class='ocrx_word' id='word_1_277' title='bbox 168 3542 201 3594; x_wconf 90' lang='lat' dir='ltr'>et</span> <span class='ocrx_word' id='word_1_278' title='bbox 217 3545 283 3595; x_wconf 90' lang='lat' dir='ltr'>non</span> <span class='ocrx_word' id='word_1_279' title='bbox 306 3554 380 3596; x_wconf 92' lang='lat' dir='ltr'>esse</span> <span class='ocrx_word' id='word_1_280' title='bbox 402 3535 519 3596; x_wconf 91' lang='lat' dir='ltr'>melius</span> <span class='ocrx_word' id='word_1_281' title='bbox 546 3557 586 3597; x_wconf 88' lang='lat' dir='ltr'>ac</span> <span class='ocrx_word' id='word_1_282' title='bbox 613 3537 744 3598; x_wconf 89' lang='lat' dir='ltr'>beatius</span> <span class='ocrx_word' id='word_1_283' title='bbox 761 3555 898 3597; x_wconf 89' lang='lat' dir='ltr'>manere</span> <span class='ocrx_word' id='word_1_284' title='bbox 922 3535 954 3596; x_wconf 91' lang='lat' dir='ltr'>in</span> <span class='ocrx_word' id='word_1_285' title='bbox 980 3531 1173 3609; x_wconf 71' lang='lat' dir='ltr'>virginitate</span> <span class='ocrx_word' id='word_1_286' title='bbox 1183 3543 1254 3606; x_wconf 48' lang='lat' dir='ltr'>„aut</span> 
     </span>
     <span class='ocr_line' id='line_1_37' title="bbox 163 3614 1107 3698; baseline 0.001 -21"><span class='ocrx_word' id='word_1_287' title='bbox 163 3615 336 3679; x_wconf 75' lang='lat' dir='ltr'>&#39;caelibatu</span> <span class='ocrx_word' id='word_1_288' title='bbox 352 3621 451 3696; x_wconf 86' lang='lat' dir='ltr'>quam</span> <span class='ocrx_word' id='word_1_289' title='bbox 464 3618 802 3698; x_wconf 71' lang='lat' dir='ltr'>jungimatrimoniO,</span> <span class='ocrx_word' id='word_1_290' title='bbox 820 3614 1004 3679; x_wconf 87' lang='lat' dir='ltr'>anathema</span> <span class='ocrx_word' id='word_1_291' title='bbox 1018 3618 1073 3679; x_wconf 92' lang='lat' dir='ltr'>sit.</span> <span class='ocrx_word' id='word_1_292' title='bbox 1094 3643 1107 3671; x_wconf 93' lang='lat'>»</span> 
     </span>
    </p>

    <p class='ocr_par' dir='ltr' id='par_1_13' title="bbox 165 3696 1254 4028">
     <span class='ocr_line' id='line_1_38' title="bbox 209 3696 1254 3783; baseline 0.003 -24"><span class='ocrx_word' id='word_1_293' title='bbox 209 3699 242 3778; x_wconf 83' lang='lat' dir='ltr'>b)</span> <span class='ocrx_word' id='word_1_294' title='bbox 267 3701 317 3762; x_wconf 87' lang='lat' dir='ltr'>Ad</span> <span class='ocrx_word' id='word_1_295' title='bbox 347 3699 513 3762; x_wconf 89' lang='lat' dir='ltr'>mitiorem</span> <span class='ocrx_word' id='word_1_296' title='bbox 539 3701 680 3763; x_wconf 77' lang='lat' dir='ltr'>formam</span> <span class='ocrx_word' id='word_1_297' title='bbox 711 3700 901 3782; x_wconf 85' lang='lat' dir='ltr'>hujusmodi</span> <span class='ocrx_word' id='word_1_298' title='bbox 929 3696 1055 3783; x_wconf 82' lang='lat' dir='ltr'>erroris</span> <span class='ocrx_word' id='word_1_299' title='bbox 1082 3699 1144 3761; x_wconf 89' lang='lat' dir='ltr'>visi</span> <span class='ocrx_word' id='word_1_300' title='bbox 1175 3708 1254 3762; x_wconf 90' lang='lat' dir='ltr'>sunt</span> 
     </span>
     <span class='ocr_line' id='line_1_39' title="bbox 166 3782 1253 3863; baseline 0.003 -20"><span class='ocrx_word' id='word_1_301' title='bbox 166 3784 272 3844; x_wconf 87' lang='lat' dir='ltr'>etiam</span> <span class='ocrx_word' id='word_1_302' title='bbox 284 3782 434 3844; x_wconf 89' lang='lat' dir='ltr'>nonnulli</span> <span class='ocrx_word' id='word_1_303' title='bbox 451 3783 613 3844; x_wconf 86' lang='lat' dir='ltr'>accedere</span> <span class='ocrx_word' id='word_1_304' title='bbox 636 3782 805 3857; x_wconf 81' lang='lat' dir='ltr'>catholici,</span> <span class='ocrx_word' id='word_1_305' title='bbox 833 3782 1165 3863; x_wconf 82' lang='lat' dir='ltr'>quicontendebaht,</span> <span class='ocrx_word' id='word_1_306' title='bbox 1184 3793 1253 3846; x_wconf 91' lang='lat' dir='ltr'>sta·</span> 
     </span>
     <span class='ocr_line' id='line_1_40' title="bbox 165 3863 1253 3946; baseline 0.004 -22"><span class='ocrx_word' id='word_1_307' title='bbox 165 3870 238 3926; x_wconf 92' lang='lat' dir='ltr'>tum</span> <span class='ocrx_word' id='word_1_308' title='bbox 256 3865 449 3945; x_wconf 84' lang='lat' dir='ltr'>religiosum</span> <span class='ocrx_word' id='word_1_309' title='bbox 465 3884 538 3925; x_wconf 90' lang='lat' dir='ltr'>esse</span> <span class='ocrx_word' id='word_1_310' title='bbox 554 3884 621 3926; x_wconf 93' lang='lat' dir='ltr'>non</span> <span class='ocrx_word' id='word_1_311' title='bbox 638 3866 770 3945; x_wconf 93' lang='lat' dir='ltr'>quidem</span> <span class='ocrx_word' id='word_1_312' title='bbox 787 3864 932 3926; x_wconf 77' lang='lat' dir='ltr'>intensive</span> <span class='ocrx_word' id='word_1_313' title='bbox 945 3863 1179 3946; x_wconf 81' lang='lat' dir='ltr'>perfectiorem</span> <span class='ocrx_word' id='word_1_314' title='bbox 1196 3867 1253 3928; x_wconf 92' lang='lat' dir='ltr'>sed</span> 
     </span>
     <span class='ocr_line' id='line_1_41' title="bbox 165 3947 1254 4028; baseline 0.004 -21"><span class='ocrx_word' id='word_1_315' title='bbox 165 3947 314 4026; x_wconf 77' lang='lat' dir='ltr'>extensive</span> <span class='ocrx_word' id='word_1_316' title='bbox 325 3955 470 4025; x_wconf 89' lang='lat' dir='ltr'>tantum,</span> <span class='ocrx_word' id='word_1_317' title='bbox 488 3956 605 4028; x_wconf 91' lang='lat' dir='ltr'>utpote</span> <span class='ocrx_word' id='word_1_318' title='bbox 632 3948 688 4027; x_wconf 92' lang='lat' dir='ltr'>qui</span> <span class='ocrx_word' id='word_1_319' title='bbox 713 3952 827 4028; x_wconf 92' lang='lat' dir='ltr'>plures</span> <span class='ocrx_word' id='word_1_320' title='bbox 846 3949 961 4009; x_wconf 89' lang='lat' dir='ltr'>tradat</span> <span class='ocrx_word' id='word_1_321' title='bbox 974 3948 1046 4009; x_wconf 87' lang='lat' dir='ltr'>vias</span> <span class='ocrx_word' id='word_1_322' title='bbox 1063 3968 1122 4010; x_wconf 91' lang='lat' dir='ltr'>seu</span> <span class='ocrx_word' id='word_1_323' title='bbox 1139 3967 1254 4011; x_wconf 89' lang='lat' dir='ltr'>acces·</span> 
     </span>
    </p>
   </div>
   <div class='ocr_carea' id='block_1_10' title="bbox 166 4098 484 4108">
    <p class='ocr_par' dir='ltr' id='par_1_14' title="bbox 166 4098 484 4108">
     <span class='ocr_line' id='line_1_42' title="bbox 166 4098 484 4108; baseline -0.003 -2"><span class='ocrx_word' id='word_1_324' title='bbox 166 4098 484 4108; x_wconf 75' lang='lat'>——.—-.—-—-</span> 
     </span>
    </p>
   </div>
   <div class='ocr_carea' id='block_1_11' title="bbox 166 4170 1255 4536">
    <p class='ocr_par' dir='ltr' id='par_1_15' title="bbox 166 4170 1255 4406">
     <span class='ocr_line' id='line_1_43' title="bbox 194 4170 1255 4237; baseline -0.005 -11"><span class='ocrx_word' id='word_1_325' title='bbox 194 4180 224 4226; x_wconf 84' lang='lat'>¹2</span> <span class='ocrx_word' id='word_1_326' title='bbox 247 4195 269 4231; x_wconf 86' lang='lat'>2,</span> <span class='ocrx_word' id='word_1_327' title='bbox 282 4192 308 4237; x_wconf 90' lang='lat' dir='ltr'>q.</span> <span class='ocrx_word' id='word_1_328' title='bbox 325 4185 373 4235; x_wconf 71' lang='lat'>104,</span> <span class='ocrx_word' id='word_1_329' title='bbox 391 4182 441 4224; x_wconf 85' lang='lat' dir='ltr'>art.</span> <span class='ocrx_word' id='word_1_330' title='bbox 462 4185 483 4223; x_wconf 83' lang='lat'>3.</span> <span class='ocrx_word' id='word_1_331' title='bbox 505 4177 546 4222; x_wconf 79' lang='lat' dir='ltr'>De</span> <span class='ocrx_word' id='word_1_332' title='bbox 559 4174 639 4222; x_wconf 73' lang='lat' dir='ltr'>milo</span> <span class='ocrx_word' id='word_1_333' title='bbox 651 4189 705 4234; x_wconf 92' lang='lat' dir='ltr'>quo</span> <span class='ocrx_word' id='word_1_334' title='bbox 717 4173 858 4221; x_wconf 69' lang='lat' dir='ltr'>diffiniam</span> <span class='ocrx_word' id='word_1_335' title='bbox 871 4173 949 4220; x_wconf 89' lang='lat' dir='ltr'>illum</span> <span class='ocrx_word' id='word_1_336' title='bbox 969 4174 1059 4237; x_wconf 83' lang='lat' dir='ltr'>locum</span> <span class='ocrx_word' id='word_1_337' title='bbox 1081 4173 1108 4220; x_wconf 83' lang='lat' dir='ltr'>S.</span> <span class='ocrx_word' id='word_1_338' title='bbox 1130 4170 1255 4221; x_wconf 88' lang='lat' dir='ltr'>Thomae</span> 
     </span>
     <span class='ocr_line' id='line_1_44' title="bbox 166 4230 1255 4294; baseline -0.003 -13"><span class='ocrx_word' id='word_1_339' title='bbox 166 4233 308 4283; x_wconf 85' lang='lat' dir='ltr'>declarent</span> <span class='ocrx_word' id='word_1_340' title='bbox 326 4235 343 4282; x_wconf 92' lang='lat' dir='ltr'>ii</span> <span class='ocrx_word' id='word_1_341' title='bbox 363 4235 410 4294; x_wconf 91' lang='lat' dir='ltr'>qui</span> <span class='ocrx_word' id='word_1_342' title='bbox 433 4234 497 4281; x_wconf 92' lang='lat' dir='ltr'>huic</span> <span class='ocrx_word' id='word_1_343' title='bbox 517 4236 619 4292; x_wconf 85' lang='lat' dir='ltr'>placito</span> <span class='ocrx_word' id='word_1_344' title='bbox 640 4233 835 4290; x_wconf 81' lang='lat' dir='ltr'>astipulantur,</span> <span class='ocrx_word' id='word_1_345' title='bbox 862 4230 980 4294; x_wconf 76' lang='lat' dir='ltr'>conferri</span> <span class='ocrx_word' id='word_1_346' title='bbox 1006 4237 1095 4288; x_wconf 89' lang='lat' dir='ltr'>potest</span> <span class='ocrx_word' id='word_1_347' title='bbox 1117 4231 1197 4284; x_wconf 72' lang='lat' dir='ltr'>Greg.</span> <span class='ocrx_word' id='word_1_348' title='bbox 1222 4232 1255 4278; x_wconf 89' lang='lat' dir='ltr'>de</span> 
     </span>
     <span class='ocr_line' id='line_1_45' title="bbox 167 4286 1252 4355; baseline -0.003 -17"><span class='ocrx_word' id='word_1_349' title='bbox 167 4293 302 4349; x_wconf 80' lang='lat' dir='ltr'>Valentia,</span> <span class='ocrx_word' id='word_1_350' title='bbox 315 4293 544 4340; x_wconf 70' lang='lat' dir='ltr'>Commentariorum</span> <span class='ocrx_word' id='word_1_351' title='bbox 556 4291 745 4355; x_wconf 76' lang='lat' dir='ltr'>theologicorum,</span> <span class='ocrx_word' id='word_1_352' title='bbox 759 4297 783 4354; x_wconf 30' lang='lat' dir='ltr'>t..</span> <span class='ocrx_word' id='word_1_353' title='bbox 792 4298 814 4345; x_wconf 88' lang='lat'>3,</span> <span class='ocrx_word' id='word_1_354' title='bbox 826 4290 852 4336; x_wconf 90' lang='lat' dir='ltr'>d.</span> <span class='ocrx_word' id='word_1_355' title='bbox 868 4303 940 4348; x_wconf 88' lang='lat' dir='ltr'>10,q.</span> <span class='ocrx_word' id='word_1_356' title='bbox 955 4306 976 4339; x_wconf 86' lang='lat'>2.</span> <span class='ocrx_word' id='word_1_357' title='bbox 990 4292 1016 4346; x_wconf 74' lang='lat' dir='ltr'>p‘.</span> <span class='ocrx_word' id='word_1_358' title='bbox 1030 4306 1038 4334; x_wconf 90' lang='lat'>1</span> <span class='ocrx_word' id='word_1_359' title='bbox 1050 4286 1252 4344; x_wconf 71' lang='lat' dir='ltr'>vers&#39;usli&#39;n‘e&#39;rri;</span> 
     </span>
     <span class='ocr_line' id='line_1_46' title="bbox 166 4348 1070 4406; baseline -0.006 -8"><span class='ocrx_word' id='word_1_360' title='bbox 166 4352 210 4398; x_wconf 91' lang='lat' dir='ltr'>vel</span> <span class='ocrx_word' id='word_1_361' title='bbox 222 4350 370 4406; x_wconf 84' lang='lat' dir='ltr'>Passerinr,</span> <span class='ocrx_word' id='word_1_362' title='bbox 382 4351 419 4397; x_wconf 84' lang='lat' dir='ltr'>Dr</span> <span class='ocrx_word' id='word_1_363' title='bbox 426 4350 544 4404; x_wconf 73' lang='lat' dir='ltr'>sentitus,</span> <span class='ocrx_word' id='word_1_364' title='bbox 558 4357 576 4396; x_wconf 93' lang='lat' dir='ltr'>t.</span> <span class='ocrx_word' id='word_1_365' title='bbox 590 4365 599 4394; x_wconf 93' lang='lat'><em>1</em></span> <span class='ocrx_word' id='word_1_366' title='bbox 610 4363 638 4394; x_wconf 88' lang='lat' dir='ltr'>m</span> <span class='ocrx_word' id='word_1_367' title='bbox 649 4348 722 4395; x_wconf 90' lang='lat' dir='ltr'>hune</span> <span class='ocrx_word' id='word_1_368' title='bbox 733 4355 812 4394; x_wconf 78' lang='lat' dir='ltr'>artic.</span> <span class='ocrx_word' id='word_1_369' title='bbox 826 4361 854 4394; x_wconf 93' lang='lat' dir='ltr'>n.</span> <span class='ocrx_word' id='word_1_370' title='bbox 867 4354 947 4402; x_wconf 77' lang='lat' dir='ltr'>7o·84.</span> <span class='ocrx_word' id='word_1_371' title='bbox 962 4354 1003 4392; x_wconf 82' lang='lat'>106</span> <span class='ocrx_word' id='word_1_372' title='bbox 1011 4360 1070 4406; x_wconf 90' lang='lat' dir='ltr'>sqq.</span> 
     </span>
    </p>

    <p class='ocr_par' dir='ltr' id='par_1_16' title="bbox 167 4412 1253 4536">
     <span class='ocr_line' id='line_1_47' title="bbox 195 4412 1253 4474; baseline -0.007 -8"><span class='ocrx_word' id='word_1_373' title='bbox 195 4419 381 4473; x_wconf 75' lang='lat' dir='ltr'>21taSuarez,</span> <span class='ocrx_word' id='word_1_374' title='bbox 394 4419 431 4464; x_wconf 81' lang='lat' dir='ltr'>Dr</span> <span class='ocrx_word' id='word_1_375' title='bbox 441 4417 518 4474; x_wconf 81' lang='lat' dir='ltr'>Retig.</span> <span class='ocrx_word' id='word_1_376' title='bbox 532 4424 564 4465; x_wconf 89' lang='lat' dir='ltr'>tr.</span> <span class='ocrx_word' id='word_1_377' title='bbox 577 4433 600 4473; x_wconf 91' lang='lat'>7,</span> <span class='ocrx_word' id='word_1_378' title='bbox 611 4417 628 4464; x_wconf 82' lang='lat' dir='ltr'>l.</span> <span class='ocrx_word' id='word_1_379' title='bbox 642 4434 662 4472; x_wconf 85' lang='lat'>1,</span> <span class='ocrx_word' id='word_1_380' title='bbox 672 4430 696 4464; x_wconf 89' lang='lat' dir='ltr'>c.</span> <span class='ocrx_word' id='word_1_381' title='bbox 712 4433 746 4471; x_wconf 87' lang='lat'>11,</span> <span class='ocrx_word' id='word_1_382' title='bbox 758 4430 785 4462; x_wconf 89' lang='lat' dir='ltr'>n.</span> <span class='ocrx_word' id='word_1_383' title='bbox 798 4434 833 4473; x_wconf 85' lang='lat'>12,</span> <span class='ocrx_word' id='word_1_384' title='bbox 846 4421 881 4471; x_wconf 90' lang='lat' dir='ltr'>et,</span> <span class='ocrx_word' id='word_1_385' title='bbox 892 4413 1046 4470; x_wconf 83' lang='lat' dir='ltr'>utvidetur,</span> <span class='ocrx_word' id='word_1_386' title='bbox 1058 4412 1253 4470; x_wconf 84' lang='lat' dir='ltr'>Bellarminus,</span> 
     </span>
     <span class='ocr_line' id='line_1_48' title="bbox 167 4484 414 4536; baseline -0.012 -11"><span class='ocrx_word' id='word_1_387' title='bbox 167 4489 212 4536; x_wconf 89' lang='lat' dir='ltr'>op.</span> <span class='ocrx_word' id='word_1_388' title='bbox 226 4491 251 4524; x_wconf 88' lang='lat' dir='ltr'>c.</span> <span class='ocrx_word' id='word_1_389' title='bbox 264 4490 288 4524; x_wconf 93' lang='lat' dir='ltr'>c.</span> <span class='ocrx_word' id='word_1_390' title='bbox 301 4485 324 4533; x_wconf 84' lang='lat'>6,</span> <span class='ocrx_word' id='word_1_391' title='bbox 337 4491 363 4524; x_wconf 91' lang='lat' dir='ltr'>n.</span> <span class='ocrx_word' id='word_1_392' title='bbox 378 4484 414 4525; x_wconf 82' lang='lat'>25.</span> 
     </span>
    </p>
   </div>
   <div class='ocr_carea' id='block_1_12' title="bbox 1309 1149 1465 1370">
    <p class='ocr_par' dir='ltr' id='par_1_17' title="bbox 1309 1149 1465 1370">
     <span class='ocr_line' id='line_1_49' title="bbox 1338 1149 1432 1196; baseline 0 0"><span class='ocrx_word' id='word_1_393' title='bbox 1338 1149 1432 1196; x_wconf 83' lang='lat' dir='ltr'>Relatio</span> 
     </span>
     <span class='ocr_line' id='line_1_50' title="bbox 1309 1207 1463 1254; baseline 0.006 -1"><span class='ocrx_word' id='word_1_394' title='bbox 1309 1207 1463 1254; x_wconf 84' lang='lat' dir='ltr'>consiliorum</span> 
     </span>
     <span class='ocr_line' id='line_1_51' title="bbox 1309 1264 1465 1324; baseline 0 -12"><span class='ocrx_word' id='word_1_395' title='bbox 1309 1264 1340 1312; x_wconf 79' lang='lat' dir='ltr'>ad</span> <span class='ocrx_word' id='word_1_396' title='bbox 1348 1264 1465 1324; x_wconf 75' lang='lat' dir='ltr'>perlectio-</span> 
     </span>
     <span class='ocr_line' id='line_1_52' title="bbox 1309 1338 1369 1370; baseline 0.017 -1"><span class='ocrx_word' id='word_1_397' title='bbox 1309 1338 1369 1370; x_wconf 82' lang='lat' dir='ltr'>nrm.</span> 
     </span>
    </p>
   </div>
   <div class='ocr_carea' id='block_1_13' title="bbox 1309 3141 1467 3304">
    <p class='ocr_par' dir='ltr' id='par_1_18' title="bbox 1309 3141 1467 3304">
     <span class='ocr_line' id='line_1_53' title="bbox 1338 3141 1432 3196; baseline 0.011 -10"><span class='ocrx_word' id='word_1_398' title='bbox 1338 3141 1432 3196; x_wconf 73' lang='lat' dir='ltr'>Negata</span> 
     </span>
     <span class='ocr_line' id='line_1_54' title="bbox 1309 3198 1441 3244; baseline 0.015 -2"><span class='ocrx_word' id='word_1_399' title='bbox 1309 3198 1441 3244; x_wconf 77' lang='lat' dir='ltr'>excellentia</span> 
     </span>
     <span class='ocr_line' id='line_1_55' title="bbox 1309 3256 1467 3304; baseline 0.013 -4"><span class='ocrx_word' id='word_1_400' title='bbox 1309 3256 1467 3304; x_wconf 68' lang='lat' dir='ltr'>cohaereticos</span> 
     </span>
    </p>
   </div>
   <div class='ocr_carea' id='block_1_14' title="bbox 1308 3735 1467 3854">
    <p class='ocr_par' dir='ltr' id='par_1_19' title="bbox 1308 3735 1467 3854">
     <span class='ocr_line' id='line_1_56' title="bbox 1309 3735 1467 3782; baseline -0.006 0"><span class='ocrx_word' id='word_1_401' title='bbox 1309 3737 1339 3782; x_wconf 88' lang='lat' dir='ltr'><strong><em>M</em></strong></span> <span class='ocrx_word' id='word_1_402' title='bbox 1341 3735 1467 3781; x_wconf 82' lang='lat' dir='ltr'>itiorrrro·</span> 
     </span>
     <span class='ocr_line' id='line_1_57' title="bbox 1308 3791 1443 3854; baseline -0.007 -13"><span class='ocrx_word' id='word_1_403' title='bbox 1308 3797 1344 3841; x_wconf 82' lang='lat' dir='ltr'>ris</span> <span class='ocrx_word' id='word_1_404' title='bbox 1349 3791 1443 3854; x_wconf 83' lang='lat' dir='ltr'>forma.</span> 
     </span>
    </p>
   </div>
   <div class='ocr_carea' id='block_1_15' title="bbox 0 0 1580 5004">
    <p class='ocr_par' dir='ltr' id='par_1_20' title="bbox 0 0 1580 5004">
     <span class='ocr_line' id='line_1_58' title="bbox 0 0 1580 5004; baseline 0 0"><span class='ocrx_word' id='word_1_405' title='bbox 0 0 1580 5004; x_wconf 95' lang='lat' dir='ltr'> </span> 
     </span>
    </p>
   </div>
  </div>
 </body>
</html>
