3148 5004
178 482 313 564 [81-83]
522 501 559 534 us
574 498 732 536 vastatura
748 498 926 535 sxtrorouuu
1225 477 1266 540 53

172 639 271 714 specie
299 634 515 710 promissionis,
543 643 682 707 quartum
709 642 813 689 votum
848 630 1032 704 ingrediendi
1064 629 1265 702 Societatemt

173 720 301 780 Professi
316 737 386 777 vero
408 730 549 792 quattuor
562 729 698 775 votorum
721 726 826 790 quarto
845 716 984 773 sollemni
1003 725 1073 773 voto
1086 717 1267 788 promittunt

174 806 334 878 specialem
348 803 550 861 obedientiam
566 802 596 861 S.
611 799 749 860 Pontifici
763 801 841 858 circa
855 801 1024 870 missiones,
1039 799 1078 858 ad
1091 817 1168 872 quae
1181 816 1265 856 acce·

176 891 251 946 dunt
263 889 396 963 quinque
408 900 478 944 vota
491 886 648 960 simplicia,
663 903 741 960 quae
756 886 887 957 vigorem
898 885 1059 956 respiciunt
1071 883 1262 956 paupertatis,

175 975 277 1048 lugam
299 975 446 1044 elationis,
470 973 616 1030 humilem
640 973 828 1044 prudentiam
857 970 888 1026 in
912 970 1041 1042 benigne
1060 969 1265 1042 permittendis

175 1060 306 1117 consiliis
331 1057 495 1130 Praepositi
517 1057 665 1126 generalis
689 1055 735 1111 vel
757 1053 823 1130 ejus
846 1053 876 1109 in
897 1055 953 1110 hac
975 1072 1006 1111 re
1024 1053 1127 1110 vicarii
1147 1052 1264 1114 etiamsi

174 1143 318 1217 dignitate
339 1140 429 1198 fueris
452 1150 567 1197 auctus.
583 1134 697 1198 Clerici
706 1133 861 1216 regulares
879 1133 1015 1196 Minores
1036 1147 1176 1194 tenentur
1194 1146 1264 1194 voto

175 1246 235 1285 non
250 1226 461 1300 praetendendi
475 1243 530 1282 nec
543 1224 717 1298 acceptandi
737 1224 912 1294 dignitatem
936 1233 1018 1280 extra
1038 1221 1193 1295 Ordinem,
1209 1239 1264 1280 nec

175 1311 385 1386 praetendendi
395 1310 571 1383 dignitatem
582 1309 658 1365 intra
664 1325 673 1379 ς
685 1302 799 1366 Clerici
804 1303 940 1366 minislri
948 1303 1148 1386 infirmorum
1159 1320 1262 1364 votum

173 1398 318 1454 sollemne
330 1396 444 1453 habent
454 1393 634 1451 inserviendi
648 1402 789 1465 perpetuo
803 1391 931 1448 infirmis
940 1392 1031 1448 etiam
1043 1402 1125 1463 peste
1136 1389 1262 1462 infectis,

172 1483 221 1540 cui
253 1493 394 1555 quattuor
425 1490 496 1536 vota
526 1477 675 1550 simplicia
704 1486 855 1548 praeterea
883 1475 1105 1550 superaddunt;
1139 1473 1264 1536 Fratres

172 1561 206 1624 S.
229 1561 366 1644 Joaaais
389 1560 424 1623 de
448 1562 525 1634 Dea,
554 1561 734 1620 inserviendi
767 1559 916 1632 Infirmis3
953 1555 1066 1620 Clerici
1096 1557 1264 1638 Regulares

106 1679 112 1685 ·
172 1644 353 1707 Scholarttm
376 1644 510 1706 Piarum
529 1655 639 1703 vovent
661 1645 857 1702 eruditionem
874 1653 1045 1718 puerorum,
1064 1646 1144 1718 quod
1159 1656 1263 1704 votum

173 1732 318 1790 sollemne
330 1741 384 1798 est,
400 1742 516 1804 praeter
525 1731 581 1787 tria
597 1741 665 1788 vota
680 1747 742 1785 non
758 1729 946 1800 permittendi
960 1730 1174 1788 relaxationem
1189 1750 1263 1806 pau-

173 1817 303 1891 peitatis,
311 1834 373 1873 non
383 1815 536 1873 ambiendi
546 1815 706 1888 dignitates
715 1831 812 1886 neque
822 1811 904 1871 extra
915 1832 1012 1888 neque
1023 1815 1261 1875 intraOrdinem.

207 1905 367 1962 Recentior
388 1898 594 1980 Congregalio
616 1896 877 1958 Passiorrislaram
897 1901 1045 1972 peculiare
1064 1913 1167 1958 votum
1184 1920 1262 1958 nun·

171 1999 260 2063 cupat
283 1987 480 2062 promovendi
503 1986 617 2042 cultum
632 1985 783 2042 Passionis
798 1980 985 2041 Dor'ninicae.
999 1981 1124 2045 Fratres
1139 1983 1230 2047 Sahal
1251 2022 1262 2033 ·

170 2089 241 2132 rtem
253 2068 490 2150 chrisliarroram
502 2078 613 2126 vovent
625 2069 828 2140 stabilitatem,
844 2069 1004 2141 gratuitam
1019 2080 1048 2127 et
1058 2073 1260 2130 consociatam

171 2158 389 2215 institutionem
404 2172 574 2228 puerorum.
851 2165 856 2174 ·

200 2257 278 2328 ,83.
290 2271 315 2316 1.
333 2254 453 2314 Forma
468 2252 606 2333 intelligi
619 2258 730 2333 potest
746 2252 817 2333 ipse
839 2253 987 2314 exterior
999 2254 1260 2335 nuncupationis

175 2335 271 2413 ritus,
289 2335 345 2416 qui
362 2337 489 2414 majore
504 2338 557 2398 vel
573 2335 702 2396 minore
726 2341 892 2416 apparatu
909 2335 1065 2399 vestitur.
1083 2337 1194 2416 Atque
1212 2339 1260 2402 sic

174 2418 300 2480 habeas
317 2417 550 2499 potissimum:
1096 2469 1099 2476 .

214 2503 246 2579 a)
256 2502 346 2563 Vota
363 2519 448 2580 quae
458 2500 567 2582 palam
578 2501 664 2564 fiunt
676 2508 710 2563 et
725 2499 858 2583 publica
871 2500 1040 2581 dicuntur;
1051 2507 1085 2566 et
1096 2503 1162 2566 alia
1175 2524 1260 2586 quae

164 2583 316 2665 privatim
334 2591 575 2666 nuncupantur
591 2603 650 2645 seu
667 2603 781 2645 coram
798 2584 914 2664 paucis
929 2606 937 2661 3

211 2667 244 2744 b)
261 2668 351 2728 Vota
373 2685 460 2746 quae
476 2667 621 2748 conceptis
643 2665 740 2727 verbis
756 2674 998 2747 nuncupantur
1020 2676 1053 2731 et
1068 2677 1150 2733 vota
1173 2691 1259 2751 quae

170 2749 260 2813 tacita
282 2750 315 2811 in
339 2749 405 2811 alio
428 2751 657 2812 continentur.
682 2749 745 2826 lta,
771 2749 803 2810 in
821 2750 972 2830 pluribus
996 2751 1148 2816 formulis
1173 2775 1259 2834 quae

170 2852 233 2894 usu
249 2833 389 2895 veniunt
406 2830 440 2894 in
455 2832 581 2895 Ordine
597 2833 633 2896 S.
651 2831 837 2908 Benedicti,
863 2841 1044 2915 paupertas
1068 2845 1101 2897 et
1118 2837 1258 2900 castitas

172 2914 407 2976 existimantur
445 2914 593 2996 promitti
631 2915 757 2976 diserta
794 2915 1002 2996 professione
1047 2918 1258 2982 obedientiae

173 2998 355 3059 secundum
370 3000 534 3076 regulam.

214 3079 289 3140 Huc
302 3087 432 3160 spectat
445 3079 628 3157 distinctio,
643 3099 729 3160 quae
741 3080 841 3142 hodie
858 3099 1041 3162 suppressa
1054 3089 1117 3161 est,
1132 3083 1258 3164 proles-

151 3178 157 3188 ’
171 3160 274 3223 sionis
289 3166 443 3242 expressae
459 3171 491 3225 et
511 3164 634 3225 tacitae.

212 3266 242 3306 2.
267 3244 446 3308 Potissima
469 3253 583 3307 autem
606 3245 777 3308 distinctio
801 3252 959 3308 votorum
983 3266 1068 3326 quae
1092 3268 1133 3309 ex
1148 3248 1256 3312 forma

168 3335 343 3408 repetatur
358 3338 410 3390 est
424 3337 583 3391 votorum
597 3327 790 3390 sollemnium
807 3335 840 3388 et
855 3328 1053 3409 simplicium.

209 3411 285 3472 Non
309 3418 361 3471 est
383 3410 474 3474 Ordo
490 3430 605 3492 presse
621 3413 698 3474 talis
716 3411 795 3490 quin
818 3411 944 3473 habeat
960 3421 1042 3473 vota
1066 3413 1255 3493 sollemnia,

168 3491 247 3554 dum
263 3494 315 3555 his
330 3502 448 3555 carent
465 3492 755 3574 Congregationes
774 3493 954 3574 religiosae
971 3495 994 3557 ¹.

204 3592 239 3652 In
263 3595 426 3654 Ordinibus
444 3607 558 3668 autem,
580 3600 625 3655 vel
645 3616 705 3655 non
726 3609 797 3654 sunt
814 3594 877 3656 aisi
894 3609 964 3655 vota
982 3594 1148 3668 sollemnia,
1174 3609 1207 3656 ut
1227 3600 1257 3657 in

167 3681 509 3754 pluribus-monasteriis
529 3684 718 3753 monialium,
739 3684 785 3739 vel
805 3694 875 3740 sunt
894 3684 984 3740 etiam
1004 3701 1076 3743 voa
1094 3681 1256 3765 simplicia.

166 3762 255 3839 Quod
279 3767 371 3822 etiam
390 3767 472 3823 varia
490 3769 605 3824 ratione
628 3768 752 3824 obtinet.
777 3767 857 3824 Nam
882 3769 929 3826 vel
953 3773 1025 3826 socri
1048 3771 1171 3844 quidam
1195 3789 1256 3828 non

166 3844 280 3905 iaciunt
293 3850 351 3906 nisi
371 3851 519 3924 simplicia
537 3860 627 3908 vota:
647 3860 680 3907 ut
694 3851 888 3926 Coadjutores
900 3853 931 3910 S.
951 3853 1043 3928 Jesu;
1064 3857 1111 3911 vel
1134 3856 1256 3930 professi

166 3945 303 3991 votorum
317 3936 510 3994 sollemnium
522 3937 708 4013 subjungunt
723 3938 799 3994 votis
814 3937 1010 3996 sollemnibus
1023 3951 1093 3997 vota
1107 3944 1254 4014 quaedam

166 4017 324 4091 simplicia,
337 4028 370 4075 ut
382 4020 528 4093 contingit
541 4021 572 4077 in
586 4020 734 4078 Societate
746 4019 817 4094 Jesu
831 4031 860 4078 et
875 4022 904 4078 in
924 4024 1057 4095 pluribus
1072 4022 1254 4099 Ordinibus;

196 4219 322 4266 ¹Reeens
341 4223 441 4277 tamen,
461 4217 538 4267 brevi
558 4228 584 4268 16
603 4226 682 4268 mart.
704 4229 766 4275 1886.
789 4222 816 4269 S.
835 4221 869 4269 D,
882 4223 917 4270 N.
939 4224 996 4271 Leo
1011 4237 1059 4272 xtrr
1079 4223 1214 4271 concessit
1226 4231 1256 4273 ut

165 4279 250 4334 equites
271 4277 416 4324 Teutonici
439 4277 543 4326 ordinis
564 4279 701 4338 simplicia
728 4280 869 4327 dumtaxat
892 4289 954 4328 vota
975 4281 1160 4329 emitterent...
1186 4289 1255 4330 serra

166 4338 243 4382 tanim
260 4339 359 4394 lectaque
377 4336 471 4383 ordinis
489 4337 587 4395 ejusdem
603 4342 691 4384 natura
711 4343 731 4383 et
749 4337 860 4396 religiosa
879 4339 1028 4386 institutione
1058 4339 1110 4388 Sed
1129 4340 1203 4398 quod
1219 4341 1255 4388 ad

165 4392 321 4440 sacerdotes
332 4391 454 4452 ejusdem
464 4393 570 4441 ordinis
585 4394 654 4442 nihil
674 4394 727 4442 luit
742 4394 926 4443 immutatum.
944 4396 1000 4446 Cir.
1013 4396 1101 4445 Nilles
1111 4396 1254 4458 Zeitsclrrtjt

164 4449 308 4508 Innslrucle,
324 4457 390 4510 1887,
402 4466 429 4512 p.
444 4459 485 4510 398
497 4452 540 4500 vel
551 4453 654 4511 Archia,
668 4461 733 4510 1887,
746 4466 773 4512 p.
789 4471 839 4512 190.

1349 2276 1464 2325 Votorum

1309 2331 1403 2393 jorma.

1342 2515 1394 2562 Pro
1421 2516 1471 2562 ritu

1313 2574 1436 2630 exteriore,

1334 3263 1376 3309 Vel
1382 3264 1470 3314 sollem-

1312 3323 1395 3370 reiteste.
