3148 5004
167 520 300 601 [ol-62]
363 539 399 574 on
415 535 519 572 srarus
534 532 670 570 nnainrosi
685 529 781 566 inirirs
795 528 831 563 ar
848 516 1050 562 rnoennssii'sus
1213 497 1249 560 41

162 673 316 738 cavimus
333 673 476 736 Sorores
489 691 510 731 a
522 667 687 732 Caritate.
702 662 864 728 Similiter
875 663 1095 744 piaetantum
1109 657 1251 722 feminae

161 769 241 820 sunt
257 755 454 837 Begguinae
472 751 596 834 Belgii.
615 844 619 854 1

253 951 450 1000 PARERGON.
473 933 514 999 lle
536 930 563 997 vt
586 929 678 1013 atqve
701 945 757 994 usu
780 919 964 1010 quorundam
988 923 1158 992 verborum.

209 1109 272 1172 62.
288 1128 315 1170 1.
330 1106 362 1182 a)
378 1101 516 1165 instituti
529 1120 596 1162 vox
611 1107 663 1162 est
678 1097 979 1173 universalissima,
993 1096 1040 1159 ita
1056 1100 1094 1156 ut
1115 1091 1255 1176 religiosi
1338 1105 1457 1174 anmrro

163 1187 304 1263 instituti
318 1206 439 1249 nomen
458 1183 637 1246 conveniat
652 1188 724 1244 tum
747 1181 790 1244 ad
811 1199 945 1244 omnem
969 1185 1080 1241 status
1103 1176 1251 1258 religiosi
1306 1169 1467 1270 322}anssss

164 1289 282 1333 veram
308 1268 489 1345 rationem,
521 1273 593 1328 tum
623 1267 664 1328 ad
694 1264 878 1344 quamlibet
907 1263 979 1343 ejus
1013 1259 1249 1323 imitationem.
1307 1279 1404 1339 rigiosa.

165 1355 276 1437 Quare
304 1352 463 1433 frequens
495 1349 533 1411 lit
567 1348 692 1410 mentio
717 1347 935 1409 [restitutorum
963 1349 1104 1406 ocimum
1133 1340 1252 1424 simpli·
1326 1364 1466 1432 resinam

163 1437 258 1498 cium·
1307 1421 1450 1481 religiosum.

205 1517 237 1597 b)
253 1516 351 1593 Ordo,
369 1535 411 1578 ex
427 1513 562 1598 propria
586 1513 619 1575 vi
641 1510 747 1588 vocis,
764 1510 844 1573 dicit
859 1516 998 1585 statum,
1017 1507 1248 1573 condicionem
1307 1532 1382 1594 ordo.

163 1618 386 1683 personarum
413 1597 446 1660 in
472 1596 626 1658 Ecclesia
654 1596 683 1657 ¹:
712 1613 779 1674 qua
802 1594 944 1661 ratione.
959 1593 1029 1674 jam
1058 1604 1091 1671 3⁰
1114 1591 1251 1656 ineunte

109 1747 116 1758 Ἰ
163 1685 289 1760 seculO,
307 1681 343 1744 S.
363 1681 569 1762 Hippolytus
584 1682 701 1740 eseelos
713 1677 747 1739 in
759 1683 887 1757 septem
900 1675 1047 1738 fidelium
1062 1675 1248 1755 ordinibus,

165 1772 260 1828 sexto
284 1766 370 1839 locu,
387 1769 464 1843 post
480 1762 687 1837 sacerdotes
705 1768 784 1820 ante
796 1759 907 1840 justos
923 1763 1139 1837 sanctosque,
1165 1759 1219 1821 rel
1237 1794 1251 1807 ·

164 1847 261 1909 rebat
276 1847 300 1910 ².
317 1845 402 1908 Ordo
424 1842 644 1906 monachorum
666 1843 719 1904 vel
742 1840 976 1922 religiosorum
999 1840 1149 1904 continet
1171 1849 1252 1905 tunc

162 1927 684 2010 religiosorumuniversitatem.
742 1991 745 1996 Δ
778 1993 782 1998 ,
955 1989 962 1997 ‚

204 2011 355 2076 Verbum
382 2009 458 2072 dein
485 2010 688 2070 translatum
714 2011 765 2067 est
790 2006 832 2067 ad
860 2005 991 2086 singula
1015 2004 1249 2082 religiosorum

163 2113 289 2175 genera
304 2113 364 2156 seu
391 2093 533 2171 collegia
559 2109 645 2171 quae
672 2089 814 2170 probata
840 2098 938 2150 erant
961 2087 1147 2150 Ecclesiae.
1170 2090 1251 2150 Pro-

164 2179 256 2252 bata,
274 2176 429 2255 inquam:
447 2173 518 2236 sine
538 2173 626 2235 enim
642 2171 835 2254 hujusmodi
858 2169 1101 2252 approbatione
1117 2190 1184 2232 non
1201 2178 1253 2232 est

164 2260 200 2321 in
218 2257 374 2320 Ecclesia
390 2263 499 2316 status
512 2275 746 2338 personarum,
760 2253 882 2314 nedum
896 2252 983 2313 foret
995 2250 1184 2332 religiosus.
1201 2254 1254 2315 Ex

167 2359 232 2419 quo
255 2356 358 2420 porro
381 2357 483 2400 causa
503 2337 711 2419 approbandi
728 2337 887 2398 Instituta
904 2335 1062 2415 religiosa
1077 2341 1253 2397 reservata

166 2430 217 2484 est
229 2421 265 2486 S.
276 2421 365 2498 Sedi,
380 2439 486 2500 neque
497 2422 571 2485 aliis
584 2419 750 2483 Institutis
763 2439 863 2499 quam
877 2426 1033 2479 votorum
1043 2417 1253 2481 sollemnium

163 2505 285 2586 plenus
303 2523 484 2566 concessus
496 2512 549 2566 est
565 2522 736 2579 assensus,
755 2507 1019 2563 consentaneum
1036 2499 1098 2561 luit
1124 2500 1253 2563 Ordinis

163 2586 304 2670 religiosi
318 2586 453 2648 nomine
468 2605 537 2648 una
552 2585 729 2665 designare
746 2584 906 2646 Instituta
922 2603 998 2646 cum
1017 2584 1106 2646 votis
1133 2585 1254 2645 solem·

163 2669 273 2733 nibus.
287 2670 383 2753 Quae
399 2677 451 2730 est
467 2668 565 2730 hodie
587 2669 722 2749 propria
739 2667 831 2728 vocis
854 2665 1055 2744 significatio
1072 2666 1094 2730 ³.
1112 2665 1254 2730 Nomine

163 2761 276 2816 autem
295 2771 436 2835 prorsus
449 2750 533 2812 falso
549 2751 709 2813 instituta
725 2759 883 2811 votorum
898 2748 1098 2830 simplicium
1123 2769 1253 2811 nuncu-

165 2839 301 2916 paveris
316 2831 451 2897 Ordines
465 2832 634 2915 regrderes.

198 2940 346 2998 Universa
364 2940 410 2996 vis
423 2955 527 2996 eorum
540 2940 592 3012 qui
612 2940 642 2996 in
662 2939 763 2995 seculo
776 2935 951 3010 profitentur
960 2955 992 2994 se
1001 2938 1105 2994 sectari
1121 2937 1255 2995 christia·
1335 2945 1469 2996 Deeratne

163 3038 236 3078 nam
261 3022 407 3098 justitiam
443 3025 609 3080 secundum
642 3023 796 3096 probaram
828 3023 973 3094 regulam,
1007 3022 1146 3095 quamvis
1163 3023 1255 3079 nullo
1309 3007 1442 3111 ww

163 3115 321 3164 teneantur
342 3117 478 3164 votorum
501 3124 591 3177 nexu,
616 3108 722 3164 merito
744 3108 835 3163 etiam
862 3107 958 3179 potuit
986 3105 1107 3163 Ordinis
1130 3107 1254 3164 nomine
1363 3098 1370 3112 ’

162 3189 324 3246 honestari.
341 3188 439 3266 Quare
461 3189 480 3246 ii
502 3191 554 3263 qui
571 3191 687 3248 tertiam
712 3189 887 3263 profitentur
900 3188 932 3247 S.
949 3189 1099 3246 Francisci
1118 3190 1253 3262 regulam

160 3275 200 3332 ab
213 3275 277 3348 ipsa
287 3273 317 3332 S.
331 3273 407 3332 Sede
420 3275 490 3332 dicti
506 3285 576 3331 sunt
589 3293 693 3332 verum
703 3273 818 3331 efficere
833 3270 981 3332 Ordinem
997 3270 1218 3332 Tertioriorurn
1230 3284 1252 3344 ⁴,

160 3353 323 3418 secularem
349 3367 450 3416 tamen
477 3376 547 3414 cum
575 3367 696 3416 careant
721 3358 886 3414 substantia
913 3366 1008 3413 status
1030 3355 1170 3428 religiosi.
1191 3354 1252 3414 etr.

161 3440 248 3512 infra,
263 3451 346 3514 parte
362 3458 404 3512 ix,
419 3460 445 3499 c.
463 3459 490 3499 1.

205 3539 237 3618 c)
252 3539 375 3623 Religio
390 3559 450 3622 per
466 3559 501 3601 se
517 3538 603 3601 idem
625 3551 725 3602 sonat
748 3540 836 3620 quod
852 3538 961 3619 forma
984 3537 1094 3601 cultris.
1119 3539 1245 3621 Quare,
1307 3556 1408 3617 Religio,

162 3629 326 3700 quotquot
352 3623 555 3704 profitentur
581 3623 721 3685 consilia
747 3624 943 3702 evangelica
970 3622 1025 3684 diu
1053 3622 1131 3683 dicti
1167 3631 1247 3684 sunt

161 3703 311 3784 proliteri
324 3704 520 3782 religionem
528 3703 738 3784 perfectiorem
751 3705 891 3786 simplici
906 3724 948 3766 ea
960 3723 1046 3784 quae
1059 3705 1245 3768 communis

160 3793 212 3848 est
228 3785 500 3850 Christianorum
514 3786 538 3865 ⁵,
555 3806 595 3849 ac
618 3789 770 3868 singulae
794 3787 942 3848 rationes
959 3787 1093 3850 vivendi
1110 3789 1152 3850 ad
1169 3807 1247 3850 nor·

188 4030 306 4086 lKraus,
319 4030 552 4092 Redi-Euryclopedie
561 4031 601 4078 der
609 4030 759 4078 cliristliclien
769 4029 926 4085 Allerlirt'mer,
939 4044 964 4077 v.
978 4030 1053 4078 Ordo.

186 4099 357 4159 arragmenra
369 4104 394 4149 iri
403 4103 545 4158 Propertio,
560 4102 597 4149 M.
612 4103 642 4148 P.
657 4103 690 4149 G.
703 4109 721 4148 t.
737 4117 771 4154 ιο,
784 4112 809 4146 c.
821 4107 876 4154 627.

186 4169 308 4218 ³Evenit
329 4177 359 4218 ut
379 4171 461 4220 latius
482 4171 672 4219 transferretur
694 4169 729 4216 al
753 4167 998 4227 Congregationem
1022 4168 1190 4229 religiosam.

186 4240 254 4289 ⁴Sic
265 4239 293 4289 in
302 4243 331 4290 C.
344 4243 483 4302 Auspieato.
499 4257 524 4296 17
540 4247 608 4299 sept.
623 4249 687 4294 1882,
707 4246 733 4286 et
746 4240 886 4285 Misericors
898 4238 945 4283 Dei
957 4238 1046 4293 Filius,
1061 4247 1089 4286 23
1097 4239 1158 4297 jun.
1177 4247 1246 4304 ¹1883.

156 4297 260 4358 passim
271 4299 344 4346 redit·
352 4309 451 4347 nomen
459 4299 564 4347 Ordinis
579 4300 700 4345 secularis.
716 4299 740 4344 R
764 4298 794 4343 P.
810 4298 880 4360 Piat,
898 4309 916 4341 1.
931 4304 967 4348 30,
981 4306 1041 4354 pest
1055 4298 1245 4361 Pellizarium,

157 4367 192 4403 rr.
213 4373 235 4412 1,
254 4370 278 4404 c.
298 4364 321 4413 3,
337 4371 365 4404 n.
386 4363 422 4412 35,
443 4357 533 4416 potius
551 4357 688 4404 existimat
706 4354 751 4419 hic
768 4354 880 4402 Ordinis
897 4355 1009 4402 nornine
1025 4368 1118 4402 venire
1130 4354 1242 4401 modurn

156 4413 268 4462 vivendi
278 4421 354 4464 certa
361 4415 455 4475 regula
465 4420 492 4463 et
502 4413 659 4462 cerimoniis
671 4412 825 4460 definitum.

186 4487 197 4520 ⁵
208 4483 265 4534 Cir.
275 4499 301 4535 v.
312 4498 351 4545 gr.
361 4483 496 4534 Thomam
506 4483 689 4540 waldensem,
704 4480 915 4542 Doctrinolefidei,
930 4484 949 4530 t.
964 4489 987 4539 3,
999 4495 1023 4529 c.
1037 4485 1073 4538 75.
