3134 5016
139 1524 275 1583 Erigendae

118 1582 256 1641 confrater-

116 1641 202 1686 m'tati's
219 1641 275 1698 leges

115 1709 252 1746 commiteret.

131 1861 169 1907 De
176 1861 221 1918 lege
230 1862 276 1910 lori

115 1919 272 1970 etdistontiae.

140 2537 265 2598 Exceptio·

110 2607 159 2643 nes.

135 2789 206 2848 Leges
215 2804 271 2839 erec·

112 2845 185 2892 tionis
201 2847 244 2908 fa.

111 2903 204 2952 ciendae
218 2906 249 2952 ab

111 2961 236 3023 Episcopo,

126 3047 148 3093 A
162 3047 271 3106 Superio-

113 3117 138 3150 re
148 3105 260 3164 regulari.

330 455 389 518 34⁶2
719 481 785 516 Paris
801 483 885 518 noun.
903 477 993 519 cneus
1008 484 1028 520 ii

331 611 452 686 tiones,
477 609 524 672 ita
550 621 587 673 ut
613 612 706 689 alias,
737 633 771 676 v.
803 633 854 694 gr.
887 615 950 678 SS.
981 615 1127 691 Rosam,
1156 616 1288 696 erigere
1326 617 1419 677 nullo

329 701 429 774 pacto
452 695 575 772 valeat,
601 695 683 756 alias
707 715 799 773 vem,
826 718 857 760 v.
885 717 937 778 gr.
967 698 1137 760 Marianas
1170 697 1417 778 Congregatio·

331 795 402 852 nes,
433 775 610 838 instituere
641 777 772 857 quidem
800 782 906 862 possit
942 799 1008 842 nori
1047 787 1159 842 tamen
1190 779 1416 861 indulgentias

332 858 480 920 sodalicii
498 859 647 940 primarii
663 861 866 944 participare
884 863 906 924 ¹.
1388 861 1393 936 s

371 941 409 1002 In
437 941 519 1002 locis
543 949 655 1003 tamen
671 944 879 1023 Missionum‚
897 943 924 1005 si
941 964 1043 1006 unam
1059 945 1173 1006 demas
1197 943 1259 1008 Ss.
1284 945 1417 1007 Rosarii
1497 951 1501 960 '

331 1022 654 1102 confraternitatem,
684 1027 848 1108 pleniores
874 1027 985 1088 adhuc
1011 1049 1032 1089 a
1058 1026 1166 1106 Cong.
1194 1027 1295 1108 Prop.
1325 1026 1416 1088 Fidei

329 1104 505 1186 Episcopis
521 1107 583 1168 sibi
599 1107 749 1169 obnoxiis
766 1109 962 1171 tribuuntur
979 1109 1168 1171 facultates.

372 1188 465 1270 Quas
494 1189 664 1268 delegatas
691 1190 870 1253 facultates
903 1193 1104 1275 Episcopus,
1135 1196 1211 1274 post
1239 1191 1342 1253 Decr.
1376 1191 1413 1253 S.

331 1268 438 1332 Officii
458 1291 493 1350 17
509 1273 580 1332 dec.
599 1277 687 1351 1898,
710 1273 831 1336 Vicere'o
843 1272 983 1356 generali
996 1277 1051 1335 vel
1073 1274 1128 1335 alii
1152 1271 1321 1335 sacerdoti
1337 1275 1415 1335 sub-

330 1352 485 1433 delegare
502 1355 602 1430 valet,
627 1356 689 1416 nisi
711 1354 783 1436 ipso
799 1357 928 1419 indulto
949 1355 1188 1435 subdelegandi
1200 1358 1416 1438 jusnegetui·

329 1436 383 1496 vel
398 1435 582 1497 artioribus
597 1436 756 1498 limitibus
773 1439 1083 1502 circumscribatur.
1388 1457 1389 1462 ’

371 1538 401 1578 2.
424 1518 596 1580 Erectioree's
610 1517 700 1600 leges.
718 1523 751 1598 a)
776 1520 976 1583 Communes
993 1522 1083 1602 leges
1110 1521 1175 1582 huc
1192 1525 1359 1602 spectant,
1377 1525 1415 1580 ut

326 1600 430 1680 gratis
461 1600 535 1678 (nisi
562 1603 727 1663 sarciendi
753 1605 820 1665 sirit
846 1607 1012 1686 sumptus)
1039 1603 1189 1684 erigatur
1219 1601 1414 1664 Confrater·

329 1682 436 1757 nitas;
453 1682 486 1742 in
503 1683 575 1744 aliis
591 1692 691 1763 atque
715 1687 908 1749 monialium
931 1687 1081 1750 ecclesiis
1097 1687 1120 1763 ²3
1138 1685 1280 1764 denique
1297 1693 1333 1746 ut
1353 1705 1415 1746 imo

330 1771 461 1826 tantum
479 1764 747 1829 Confraternitas
763 1769 914 1850 erigatur
929 1770 962 1830 e'o
978 1789 1038 1830 ineo
1054 1767 1118 1830 loeo
1135 1767 1158 1830 ³.

370 1848 532 1926 Agedum,
557 1849 632 1909 loca
653 1851 735 1910 satis
751 1850 909 1913 distincta
932 1864 1010 1912 sunt
1027 1853 1124 1932 plura
1140 1850 1289 1932 ejusdem
1305 1847 1413 1910 muni-

330 1927 405 2009 cipii
421 1929 541 2010 oppida
555 1931 617 1992 seeo
633 1951 668 1992 ec
684 1933 803 1994 noriee'ree
824 1944 981 2017 separata
998 1935 1234 2014 propriamque
1250 1932 1414 1992 habentes

329 2013 505 2074 ecclesiam
533 2015 771 2094 parochialem.
800 2017 916 2092 Imm0,
946 2035 1075 2092 recens,
1106 2034 1122 2092 5
1150 2029 1310 2078 mart-20
1327 2013 1415 2075 maii

332 2099 421 2174 1896,
439 2094 500 2158 SS.
517 2095 561 2158 D.
585 2096 656 2158 Leo
677 2097 737 2178 Pp.
755 2115 816 2160 iitii
839 2100 1006 2160 concessit
1029 2119 1087 2180 per
1104 2099 1139 2160 S.
1166 2095 1203 2160 C.
1228 2098 1359 2176 Indulg.
1377 2101 1414 2156 ut

329 2177 361 2238 in
377 2177 499 2257 neegire's
514 2178 688 2240 civitatibus
703 2181 715 2214 ⁴
731 2185 882 2243 valerent
905 2181 1085 2253 Ordinarii‚
1112 2199 1172 2262 pro
1196 2199 1258 2241 suo
1274 2179 1414 2240 arbitrio

328 2267 361 2321 et
387 2259 575 2341 prudentia,
607 2262 640 2322 iii
663 2263 802 2342 singulis
824 2263 957 2326 casibus
980 2265 1011 2325 in
1037 2264 1101 2325 hac
1117 2266 1190 2342 lege
1207 2263 1411 2344 dispensare,

328 2351 465 2404 servata
487 2351 599 2404 tamen
626 2343 785 2407 distantia
808 2365 894 2427 quae
917 2346 1071 2428 ipsorum*
1088 2346 1215 2428 judicio
1242 2345 1414 2406 videretur

329 2444 492 2505 congrua.

369 2508 552 2568 Praeterea
576 2508 639 2568 hac
663 2511 735 2589 lege
759 2510 938 2571 distantiae
965 2511 1077 2591 plures
1106 2507 1413 2572 Contraternitates

327 2607 386 2648 seu
404 2588 691 2668 Congregationes
707 2601 785 2653 sunt
801 2594 942 2669 solutae,
961 2594 1159 2654 nominatim
1169 2591 1292 2670 Congr.
1307 2591 1348 2652 B.
1364 2591 1410 2650 M.

327 2669 369 2731 V.
383 2691 390 2746 3
408 2689 511 2750 quare
529 2675 639 2750 plures
655 2673 756 2734 etiam
772 2675 887 2736 eodem
904 2677 979 2737 loco
995 2675 1077 2756 erigi
1094 2681 1242 2757 possunt.

370 2751 402 2830 b)
420 2755 469 2814 Ad
492 2752 669 2814 erectionem
690 2755 728 2816 ab
751 2756 901 2837 Episcopo
925 2757 1005 2818 nihil
1022 2773 1197 2838 praeterea
1213 2751 1405 2834 requiritur,

327 2846 462 2914 praeter
487 2835 719 2900 authenticum
745 2841 816 2920 ejus
834 2840 985 2922 ¹diploma
1007 2841 1040 2901 in
1064 2839 1215 2902 archivio
1246 2833 1407 2900 ecclesiae

326 2919 541 2980 servandum.

368 3014 397 3090 c)
424 3012 459 3073 In
488 3011 657 3074 erectione
682 3021 797 3076 autem
823 3035 908 3096 quae
935 3017 972 3078 fit
1002 3018 1206 3078 auctoritate
1238 3010 1412 3096 Superiores

322 3093 474 3176 generales
496 3093 626 3176 olioiejrrs
648 3095 788 3175 Ordinis
812 3099 906 3160 salvo
923 3097 1076 3178 peculiare
1094 3097 1272 3179 privilegio,
1298 3098 1411 3164 obser·

325 3177 454 3239 vandae
484 3187 573 3254 sunt,
596 3177 651 3240 seb
674 3183 772 3258 poeno
796 3179 961 3258 nollitetr's,
987 3183 1122 3260 regulae
1146 3188 1347 3262 praeceptae
1370 3175 1410 3238 C.

326 3262 570 3344 Qrioeeiroeqee7
587 3263 657 3322 dec.
680 3281 767 3343 1704,
786 3262 969 3325 Clementis
991 3281 1064 3331 viii,
1093 3272 1259 3342 quatenus
1283 3263 1411 3323 instau-

325 3357 419 3404 ratae
433 3343 568 3404 decieto
581 3343 663 3406 Urbi
676 3356 709 3405 et
726 3344 807 3406 Orbi
820 3347 869 3408 Pii
886 3363 931 3424 lx,
950 3353 969 3410 8
977 3347 1048 3428 jari.
1067 3351 1155 3409 1861.
1170 3346 1257 3408 Sunt
1274 3353 1386 3405 autem
1401 3361 1408 3402 ι

351 3603 359 3637 1
371 3601 430 3647 Has
440 3597 566 3656 proponit
579 3597 716 3658 Beringm,
728 3612 772 3656 op.
786 3598 831 3646 cit.
845 3604 856 3656 ἓ
869 3616 890 3658 7,
905 3614 931 3658 p.
946 3607 1053 3657 54-³·544·

350 3675 360 3708 Β
372 3673 397 3719 S.
409 3671 439 3717 C.
452 3671 508 3732 EE.
521 3677 547 3715 et
558 3670 617 3716 RR.
629 3687 656 3717 22
667 3683 728 3727 aug.
744 3679 809 3727 1891,
822 3670 927 3717 iderum
939 3669 1088 3717 declaravit
1097 3669 1149 3717 sibi
1159 3683 1213 3716 non
1223 3669 1331 3727 placere
1342 3673 1372 3714 ut
1381 3666 1410 3714 in

322 3735 493 3778 monasteriis
505 3729 663 3773 monialium
674 3729 813 3783 erigantur
823 3730 1058 3776 contraternitates
1074 3729 1217 3782 laicorum,
1230 3728 1314 3774 immo
1332 3739 1409 3784 prae-

322 3787 403 3844 cepit,
422 3792 450 3830 ut
467 3794 573 3830 erectae
590 3785 719 3831 tollantur
736 3799 814 3832 secus
830 3785 1040 3841 transferantur;
1059 3794 1085 3832 et
1103 3787 1129 3833 S.
1144 3787 1175 3833 C.
1194 3785 1300 3844 Indulg.
1314 3801 1342 3842 29
1354 3781 1408 3830 leb.

323 3853 388 3900 1864,
401 3842 540 3898 respondit
551 3857 604 3888 nrm
621 3843 747 3900 expedire
758 3854 788 3891 ut
799 3844 826 3890 id
838 3843 885 3890 liat
897 3844 924 3890 in
936 3844 1059 3890 ecclesiis
1079 3843 1326 3906 Congregatiopum
1339 3853 1410 3900 quae

321 3901 427 3949 scholas
443 3897 552 3947 haberit.
572 3901 613 3946 De
628 3901 686 3946 istis
702 3899 753 3948 hoc
769 3902 975 3956 intelligendum
992 3898 1320 3949 estConiraternitatibus
1359 3911 1410 3944 uae

320 3959 398 4007 statis
421 3956 518 4004 diebus
537 3957 620 4004 laicos
644 3971 817 4016 congregant.
848 3960 930 4020 Quod
959 3970 1050 4006 autem
1074 3959 1140 4005 Pius
1168 3972 1195 4005 iri
1224 3966 1250 4004 et
1276 3958 1347 4022 SS„¹
1377 3970 1410 4002 eo

320 4019 342 4065 P
369 4030 436 4063 ‚aiii
457 4015 636 4074 permiserunt
657 4019 727 4063 utin
748 4016 958 4064 conservatoriis
980 4017 1147 4074 erigerentur
1164 4014 1409 4064 Confraternitates

320 4033 366 4124 Si).
380 4073 486 4137 bordis,
503 4086 529 4136 et
540 4073 637 4120 Cordis
653 4075 731 4121 Imm.
746 4075 851 4122 Mariae
861 4088 910 4138 pro
921 4074 1098 4138 conversione
1107 4081 1301 4137 peccatorum,
1320 4070 1348 4118 id
1359 4083 1409 4129 pro

320 4133 387 4192 ipsis
402 4130 567 4237 mopialibus
583 4145 732 4191 earumque
747 4131 931 4180 familiaribus
948 4141 972 4178 et
984 4131 1127 4190 discipulis
1142 4133 1231 4178 solum
1247 4141 1410 4177 concessum

320 4192 403 4240 luisse
413 4190 439 4237 vi
462 4198 529 4237 etur.

348 4263 412 4308 ³Ita
423 4259 496 4306 decr.
510 4266 539 4322 31¹
545 4257 600 4316 jan.
615 4265 679 4322 ipos„
692 4259 819 4323 Namque
830 4264 910 4306 antea
920 4255 1113 4318 requirebatur
1124 4263 1266 4318 praeterea
1277 4252 1409 4304 distantia

319 4319 523 4368 smilliariorum
535 4330 551 4362 i.
566 4330 589 4362 e.
604 4325 737 4371 circitare
751 4319 838 4376 ¹tek11·

348 4393 358 4426 4
369 4391 520 4451 Quaenam,
532 4399 582 4445 pro
596 4400 709 4450 numero
725 4386 875 4451 incolarum
891 4384 1108 4450 etuamplitndirie
1123 4383 1252 4450 territorii
1264 4384 1292 4450 in
1304 4380 1409 4449 magnis

318 4446 490 4508 reponendae
500 4445 554 4492 sirit
565 4442 689 4502 urbibus,
702 4445 828 4503 prudenti
840 4452 1006 4503 permittitur
1017 4443 1156 4491 Ordinarii
1169 4442 1334 4492 definitioni.
