3138 5014
123 844 172 890 SS.
182 843 277 892 Eucle-

117 903 201 948 risliae
238 915 276 948 as·

116 962 219 1006 servatio
251 963 278 1006 in

117 1017 216 1064 ecclesiis
231 1017 276 1064 lle·

116 1075 246 1134 galerium.

128 1211 132 1216 “
148 1198 211 1260 Quid
222 1201 248 1246 in

117 1257 208 1305 sacellis
235 1257 276 1304 do·

117 1316 238 1363 retestieis?

333 441 393 504 31⁶2
432 515 437 524 Α
699 463 766 496 rans
781 461 897 496 ocrsvn.
915 461 1006 498 entur
1019 463 1051 498 111

332 595 395 660 hos
418 589 578 660 adhibere
593 615 694 676 quam
717 597 789 659 sine
812 595 945 678 patrino
968 599 1021 659 vel
1045 598 1193 662 matrina
1217 581 1424 684 baptismum

333 679 498 742 conferre.
517 680 552 743 S.
570 680 612 742 R.
640 679 678 742 C.
706 698 740 760 15
768 679 833 743 feb.
855 685 943 758 1887.
969 679 1049 742 Coll.
1073 683 1169 763 Peop.
1186 682 1262 746 Fid.
1289 705 1322 748 n.
1340 692 1422 770 6413

332 762 426 824 Decr.
441 762 528 825 eleth.
547 783 581 825 n.
596 766 689 842 3670.
1187 831 1189 838 ¹

376 847 463 911 505.
492 849 544 907 De
570 847 791 908 asservanda
816 845 878 905 SS.
907 846 1135 910 Eucharistia
1164 848 1186 911 ¹.
1218 873 1246 913 r.
1274 852 1327 914 Ex
1346 852 1422 933 jure

332 927 537 1011 Regulariuie
559 928 739 1004 communi,
764 933 905 1008 possunt
939 933 1008 990 tam
1038 929 1099 1011 ipsi
1133 950 1233 1010 quam
1261 935 1423 997 moniales

333 1030 446 1092 presse
462 1013 547 1073 tales
573 1012 597 1076 ²,
611 1012 644 1073 in
659 1009 724 1072 suis
739 1008 871 1071 ecelesiis
887 1018 1049 1092 perpetuo
1073 1031 1251 1077 asservare
1269 1017 1331 1080 SS.
1356 1019 1422 1079 Eu·

333 1093 542 1158 charistiam.

373 1177 410 1238 In
423 1175 554 1256 sacellis
569 1195 651 1236 vero
666 1172 836 1235 domesticis
860 1173 947 1236 idem
963 1194 1030 1236 non
1048 1186 1187 1256 possunt
1203 1179 1274 1241 sine
1297 1179 1425 1262 speciali

332 1258 506 1341 privilegio
529 1259 583 1319 vel
598 1256 853 1320 immemorabili
873 1259 1127 1322 consuetudine.
1147 1260 1215 1322 Cir.
1235 1262 1420 1340 Gatticum,

330 1342 380 1403 De
402 1340 546 1402 oratoriis
561 1338 745 1411 domesticis,
764 1359 793 1400 c.
815 1344 862 1413 18,
887 1359 921 1402 n.
939 1360 979 1420 9;
998 1340 1065 1419 qui,
1084 1361 1117 1404 n.
1138 1363 1185 1417 10,
1203 1343 1327 1424 excipit
1343 1365 1420 1423 gra-

331 1423 486 1503 uissimas
514 1423 675 1504 quasdam
705 1440 837 1498 causas,
862 1429 899 1483 ut
925 1423 953 1482 si
976 1421 1107 1502 publica
1133 1443 1249 1485 eorum
1276 1426 1420 1486 ecclesia

330 1505 497 1584 incendio,
515 1511 686 1566 vetustate
700 1503 790 1565 iacta
802 1510 891 1565 esset
908 1504 1034 1566 inutilis
1054 1504 1074 1565 ³.
1093 1542 1094 1550 .

372 1588 477 1650 Immo
502 1593 594 1649 vetat
623 1586 660 1648 C.
684 1585 778 1649 Trid.
807 1605 836 1649 c.
869 1607 916 1662 ro,
941 1607 970 1651 e.
987 1604 1039 1666 25,
1060 1587 1110 1649 De
1125 1586 1251 1670 Regni„
1270 1607 1311 1650 ne
1327 1588 1419 1650 iutra

331 1671 471 1732 chorum
484 1671 538 1732 vel
553 1675 649 1751 septa
666 1668 863 1731 monasterii
878 1669 1097 1732 Eucharistia
1113 1677 1345 1733 conservetur.

371 1753 544 1815 Adversus
560 1752 747 1832 Regulares
771 1753 826 1830 qui
843 1751 952 1814 officio
969 1771 1042 1827 sue,
1061 1772 1127 1832 qua
1146 1758 1295 1816 rectores
1313 1754 1419 1816 eccle·

330 1835 411 1913 siae,
437 1835 577 1912 aeditui,
593 1835 626 1896 in
650 1834 871 1897 custodienda
894 1835 1112 1899 Eucharistia
1139 1834 1261 1918 partes
1280 1835 1418 1913 habent,

231 1975 234 1979 .
329 1918 518 2011 Episcopus
534 1923 647 2001 potest
662 1936 768 1998 aeque
791 1937 830 1978 ac
854 1917 1015 1998 Superior
1040 1919 1205 1999 regularis
1222 1919 1419 2002 procedere,

136 2439 166 2484 ln
177 2440 276 2487 ecelesiis

116 2497 230 2554 congreg.
243 2511 277 2543 re·

115 2553 264 2612 ligiosarum.

330 2019 356 2062 sr
374 2002 587 2084 peccaverint
603 2001 636 2062 in
652 2008 869 2082 praeceptum
886 1999 937 2079 (C.
956 2000 1157 2076 Statuimus,
1174 2021 1233 2064 un.
1249 2002 1298 2063 De
1321 2007 1419 2064 eusto-

331 2083 386 2146 dia
401 2083 503 2146 Erech.
521 2100 570 2160 111,
588 2085 641 2165 44)
669 2082 846 2162 diligenter
872 2083 1070 2145 occludendi
1086 2083 1361 2154 Tabernaculum
1387 2092 1420 2146 et

331 2169 461 2230 clavem
478 2165 699 2244 custodiendi,
715 2165 785 2228 cfr.
802 2165 866 2226 litt.
881 2185 955 2228 enc.
972 2165 1007 2228 S.
1025 2165 1062 2229 C.
1076 2166 1149 2229 Ee.
1164 2171 1198 2228 et
1214 2167 1288 2230 RR.
1303 2190 1321 2247 9
1335 2167 1420 2228 febr.

335 2268 423 2331 1751,
448 2249 537 2332 apud
560 2249 691 2326 Lucidi,
715 2249 763 2310 De
785 2247 902 2310 visitat.
920 2254 946 2310 t.
964 2269 990 2326 r,
1008 2268 1038 2311 c.
1058 2272 1085 2326 1,
1106 2270 1138 2312 n.
1159 2271 1235 2327 1013
1253 2249 1417 2312 Benedic-

331 2340 402 2396 tum
418 2349 488 2409 xiv,
507 2333 555 2394 De
570 2329 704 2410 Synodo,
723 2333 745 2393 l.
764 2353 793 2408 9,
813 2351 843 2393 c.
863 2349 911 2410 15,
930 2351 964 2394 n.
981 2355 1012 2413 4.

372 2439 402 2480 2.
420 2415 679 2497 Congregetiones
703 2411 866 2494 religiosae
886 2433 970 2495 opus
996 2413 1124 2476 habent
1140 2413 1302 2496 peculiari
1318 2412 1419 2494 privi-

330 2500 418 2578 legio
444 2501 497 2558 vel
525 2496 659 2559 Indulto
682 2497 895 2580 ¹Apostolic0.
925 2495 1060 2578 Proprie
1093 2499 1180 2559 enim
1214 2496 1418 2558 auctoritate

330 2581 518 2661 Episcopus
545 2579 660 2656 nequit
683 2577 745 2638 nisi
772 2579 991 2658 temporalem
1014 2579 1278 2642 asservationem
1295 2594 1415 2638 conce·

260 2723 262 2727 .
331 2664 420 2724 dere.
441 2660 570 2735 Lucidi,
597 2660 646 2720 De
669 2659 860 2735 Visitatione,
888 2666 911 2722 t.
933 2681 959 2732 1,
984 2682 1016 2744 p.
1033 2668 1085 2742 96.
1110 2662 1179 2726 Cir.
1205 2661 1240 2725 S.
1259 2651 1306 2723 R.
1323 2657 1361 2721 C.
1380 2659 1418 2721 In

144 3097 275 3144 Eucharis-

115 3219 188 3261 salto.

134 3297 165 3344 In
176 3295 276 3344 eeclesiis

114 3355 276 3413 Regularium.

134 3660 274 3710 lutcelesiis

111 3719 256 3824 {aroclriali

131 3792 166 3824 us.

146 3859 209 3920 Quid
220 3859 246 3905 de

116 3919 276 3965 communione

114 3976 242 4035 paschali?

331 2764 398 2806 una
419 2741 667 2818 Nivernensi,8
690 2749 789 2804 mart.
818 2748 895 2823 1879
918 2744 1023 2820 (Dece.
1048 2744 1135 2809 arilli.
1159 2765 1193 2808 n.
1222 2745 1313 2826 3484)
1330 2742 1419 2821 quod

331 2827 504 2888 decretum
521 2823 756 2886 confirmatum
772 2833 823 2886 est
839 2845 859 2886 a
876 2825 911 2888 S.
929 2827 1091 2890 Pontifice
1107 2829 1140 2890 in
1156 2829 1302 2890 Decreto
1317 2841 1418 2904 gene·

331 2909 394 2971 rali
409 2909 450 2970 de
465 2906 632 2970 Oratoriis
648 2905 873 2985 semipublicis
897 2929 934 2988 23
944 2909 1016 2990 jan.
1038 2917 1126 2991 1899.
1155 2911 1262 2993 (Decr.
1279 2909 1418 2972 authent.

331 3013 365 3054 n.
381 3009 489 3073 4007.»
503 2989 574 3053 Cir.
591 2990 631 3052 de
646 2989 698 3052 his
711 2989 813 3054 etiam
829 2991 930 3054 Melet
948 3013 979 3052 n.
994 3013 1143 3075 249·252.

374 3076 461 3140 506.
479 3077 532 3134 De
550 3074 817 3156 dispensatione
842 3078 905 3137 SS.
927 3078 1185 3138 Eucharistiae.
1206 3098 1233 3140 1.
1250 3073 1420 3158 Regelares

116 3157 165 3223 tiae,
183 3153 275 3215 lupen·
325 3157 447 3239 proprie
473 3155 572 3219 teies:

373 3243 405 3316 a)
418 3241 565 3302 Possunt
579 3238 612 3300 in
623 3238 689 3300 suis
700 3237 830 3300 ecelesiis
842 3245 876 3302 et
891 3239 1062 3317 oratoriis,
1080 3239 1150 3302 sive
1161 3243 1217 3321 per
1231 3260 1261 3300 se
1273 3239 1344 3303 sive
1360 3258 1420 3322 per

331 3321 409 3386 elios
433 3321 601 3383 sacerdotes
628 3325 708 3401 (non
725 3327 931 3402 suspensos),
957 3342 1089 3384 sacram
1105 3322 1277 3404 porrigere
1301 3323 1420 3404 dapem

330 3403 526 3470 secularibus,
552 3404 584 3465 in
608 3405 697 3465 omni
721 3405 798 3465 anni
816 3413 922 3487 parte,
940 3412 1081 3486 excepto
1104 3405 1155 3468 die
1171 3405 1359 3481 paschatis,
1385 3412 1419 3467 et

331 3489 459 3550 Rornae
471 3486 573 3548 etiam
587 3485 669 3548 feria
685 3503 707 3548 v
723 3486 755 3546 in
769 3486 883 3548 Coena
899 3488 1048 3550 Domini.
1066 3489 1131 3550 Per
1146 3486 1419 3551 communionem

332 3579 443 3633 tamen
457 3569 500 3632 ibi
514 3568 638 3631 factam
655 3587 721 3631 non
738 3569 859 3630 satisfit
876 3581 1057 3651 praecepto
1073 3571 1236 3652 paschali.

373 3653 406 3731 b)
423 3653 459 3714 In
483 3651 633 3714 ecclesiis
648 3651 897 3733 parochialibus
910 3654 1026 3715 eodem
1040 3660 1118 3715 sunt
1127 3654 1204 3735 jure
1218 3671 1283 3734 quo
1300 3650 1419 3732 reliqui

331 3736 537 3798 sacerdotes.
683 3784 685 3788 .

372 3821 403 3898 c)
418 3815 601 3881 Paseielem
616 3836 698 3878 vero
714 3819 983 3880 communionem
1001 3819 1082 3881 dare
1104 3819 1220 3881 valent
1235 3815 1417 3899 familiari·

331 3899 394 3980 bus,
412 3909 457 3980 et,
474 3909 512 3964 ut
527 3901 638 3983 plures
655 3902 784 3979 volunt,
802 3901 903 3963 etiam
925 3901 1012 3983 vagis
1037 3913 1071 3963 et
1088 3900 1283 3984 peregrinis;
1313 3900 1415 3962 immo

359 4151 367 4185 ¹
384 4151 425 4197 De
435 4147 477 4196 his
492 4162 563 4207 quae
573 4153 696 4207 spectant
714 4147 766 4196 hoc
779 4146 968 4196 Eucharistiae
979 4149 1197 4203 Sacramentum,
1210 4147 1259 4194 elr.
1275 4144 1418 4194 Gatticum

328 4207 366 4254 De
376 4209 491 4254 oratoriis
500 4207 646 4257 domesticis:
656 4208 698 4254 vel
710 4208 769 4254 Van
782 4209 926 4260 Gameren,
939 4207 976 4252 De
987 4209 1112 4252 oratoriis.
1338 4259 1343 4267 .

357 4264 518 4312 ‘²Videntur
536 4272 625 4312 tamen
643 4264 778 4312 Moniales
796 4277 868 4323 quae
891 4264 920 4310 in
945 4263 1038 4320 Belgio
1054 4270 1080 4309 et
1100 4261 1251 4328 Hollangiia
1273 4267 1416 4327 pertinent

329 4323 364 4371 ad
376 4322 492 4370 Ordines
503 4336 592 4381 presse
604 4323 678 4379 tales,
691 4321 774 4370 etiam
785 4327 846 4380 post
854 4320 963 4370 sublata
975 4329 1037 4368 vota
1048 4322 1190 4369 sollemnia
1199 4321 1228 4377 id
1238 4321 1415 4380 privilegium

329 4393 557 4496 cgnidrgigisiitur
567 4452 583 4486 a
592 4439 653 4484 Van
662 4439 806 4494 Gameren,
820 4437 856 4484 De
866 4439 991 4495 oratoriis,
1005 4453 1031 4497 p.
1045 4455 1098 4496 291.
