3142 5004
148 1881 249 2021 perenn

118 1974 148 2022 du
165 1978 197 2022 r'r's
222 1976 250 2021 dr
267 2041 269 2046 .

114 2035 265 2094 potestotrSu

113 2093 228 2152 perieris,

144 2398 182 2445 De
197 2397 277 2447 lones·

118 2461 164 2502 latr
173 2457 216 2506 ret.

113 3329 272 3505 &ZZZ
321 3376 483 3456 praecepto
497 3376 599 3436 stricte
612 3375 689 3437 telio
706 3394 791 3454 quae
808 3374 1021 3456 regularibus
1037 3394 1097 3455 quo
1110 3372 1222 3435 tolrbus
1236 3374 1412 3462 imponun-

112 3384 260 3435 dientr'uemo

112 3515 160 3549 ma.

137 4084 260 4147 Exempla.

337 405 395 468 1¹1⁹]
621 427 688 462 raus
703 427 824 474 quaxn.
842 423 937 462 suerro
953 426 991 461 111.
1009 426 1099 462 crr‘ur
1114 427 1134 462 rr

337 567 397 623 aut
428 559 577 624 Instituti
611 559 686 622 linis
712 558 917 638 obtineatur,
952 559 1107 622 omnibus
1141 561 1267 645 imponi
1302 569 1423 646 potest.

338 644 578 724 Unusquisque
601 643 689 706 enim
712 643 926 705 existimatur
951 642 1145 721 promisisse
1162 645 1193 708 id
1209 646 1298 726 quod
1315 647 1424 727 requi·

338 733 472 790 reretur
486 726 529 789 ad
546 727 651 808 ipsam
669 724 803 789 Ordinis
819 725 1124 790 conservationem.

380 831 410 872 2.
439 808 628 872 Peculiaria
661 807 826 889 quaedam
859 814 996 890 puncta,
1031 815 1068 870 ut
1105 809 1249 891 alicujus
1287 812 1424 892 regulae

337 893 512 973 neglectae
535 890 720 969 innovatio,
744 909 876 973 semper
899 891 986 971 exigi
1012 900 1155 972 possunt
1172 913 1232 954 nec
1249 900 1423 957 transcen·

337 975 420 1037 dunt
436 981 635 1038 consuetam
651 974 799 1038 Praelati
821 973 889 1036 vim
906 974 1171 1056 praeceptivam.
1189 976 1350 1039 Similiter
1372 977 1422 1039 las

336 1057 401 1119 erit
423 1058 540 1119 tollere
568 1056 719 1120 licentias
745 1056 907 1138 quasdam
934 1057 975 1118 de
1001 1076 1036 1118 se
1062 1057 1284 1138 revocabiles,
1311 1080 1344 1123 v.
1368 1079 1420 1141 gr.

335 1139 482 1203 habendi
498 1141 679 1224 peculium.

377 1244 406 1302 3.
426 1223 500 1289 Non
512 1230 626 1285 autem
642 1221 800 1285 videntur
815 1221 836 1284 ii
853 1221 909 1303 qui
925 1222 1110 1286 secundum
1126 1223 1292 1287 mitiorem
1306 1225 1420 1287 obser·

334 1304 485 1368 vantiam
503 1305 644 1389 professi
659 1311 738 1367 sunt
762 1303 836 1386 cogi
860 1323 959 1387 posse
981 1305 1023 1367 acl
1046 1307 1250 1368 severiorem
1267 1312 1418 1368 tenorem

335 1387 426 1452 vitae
441 1390 498 1471 qui
513 1388 555 1451 ad
572 1387 797 1451 substantiam
825 1387 970 1468 religiosi
997 1396 1107 1450 status
1125 1408 1191 1450 non
1207 1391 1377 1470 pertineat
1394 1389 1417 1452 ¹.

375 1493 406 1552 4.
424 1471 540 1549 Immo,
558 1477 596 1533 ut
611 1471 757 1552 prudens
780 1470 824 1533 sit
840 1472 927 1552 ratio
943 1471 1076 1550 agendi,
1094 1470 1207 1533 mitior
1223 1491 1324 1555 saepe
1340 1491 1419 1533 sua·

334 1553 432 1616 detur
454 1573 547 1616 usus.
572 1553 780 1637 Quandoque
808 1553 843 1617 S.
868 1553 1023 1616 Pontifex
1051 1553 1211 1636 paulatim
1234 1555 1419 1635 exstinguit

334 1644 523 1698 conventus
552 1636 608 1698 ubi
639 1637 786 1719 collapsa
822 1642 874 1698 est
909 1635 1095 1719 disciplina,
1134 1635 1342 1718 probibendo
1378 1657 1419 1698 ne

332 1718 558 1782 admittantur
573 1718 703 1782 novitii.
721 1719 791 1782 Cir.
808 1718 911 1782 etiam
927 1719 1100 1781 decretum
1113 1720 1153 1782 de
1167 1720 1236 1783 vita
1249 1719 1419 1788 communi

333 1803 422 1883 apud
439 1802 602 1877 Bizzarri,
621 1821 652 1883 p.
668 1823 727 1882 903
754 1824 826 1884 904.
968 1809 970 1814 ’

374 1886 464 1950 295.
495 1907 522 1948 1.
550 1885 726 1947 indubiis
748 1889 789 1947 de
805 1889 954 1966 potestate
975 1883 1160 1965 Superioris,
1189 1884 1418 1969 praesumptio

332 1970 402 2029 stat
417 1986 479 2050 pro
495 1967 698 2051 Superiore;
715 1971 835 2030 saltem
858 1988 935 2030 cum
958 1986 1013 2029 res
1036 1967 1077 2029 ad
1100 1987 1206 2047 genus
1224 1967 1369 2050 pertinet
1384 1969 1417 2030 in

332 2069 398 2129 quo
414 2056 547 2113 constet
563 2051 778 2132 Superiorem
791 2050 986 2133 praecipere
1000 2069 1110 2132 posse.
1125 2050 1160 2113 Si
1176 2059 1291 2112 autem
1303 2050 1418 2131 gravis

332 2132 422 2196 ratio·
442 2134 583 2196 suadeat
606 2133 826 2215 Superiorem
855 2133 937 2196 nibil
960 2133 992 2194 in
1010 2152 1049 2195 eo
1074 2152 1197 2214 genere
1221 2152 1330 2214 posse,
1350 2153 1417 2195 non

330 2216 465 2279 videtur
502 2217 589 2278 ratio
619 2232 744 2297 cogens
780 2216 899 2279 stricte
935 2215 1106 2296 obligandi
1143 2216 1326 2278 subditum.
1361 2215 1417 2279 Sic

331 2298 537 2377 Lehmkuhl,
555 2317 578 2374 1,
597 2318 668 2380 537.

372 2404 402 2444 2.
419 2382 457 2443 In
473 2382 581 2444 dubiis
597 2392 711 2445 autem
727 2380 764 2442 de
775 2381 929 2444 honestate
942 2380 998 2456 rei,
1024 2380 1052 2443 si
1076 2380 1237 2462 Superior
1253 2380 1417 2462 praecipit

330 2464 419 2544 quod
439 2463 638 2545 probabiliter
664 2471 715 2526 est
741 2464 935 2540 honestum,
960 2465 1224 2547 parendumest,
1252 2463 1329 2543 quia
1353 2463 1415 2544 ipsi

331 2552 461 2608 certum
477 2546 638 2628 competit
650 2547 706 2628 jus
723 2547 960 2630 praecipiendi.
978 2546 1108 2609 Contra
1121 2547 1274 2608 Lessium
1287 2551 1412 2620 tam'en,

331 2648 361 2691 c.
404 2649 415 2689 1
447 2650 480 2690 n.
516 2634 546 2691 6.

370 2652 474 2774 St'in
495 2650 604 2773 inuiis
630 2711 792 2794 negatinis,
817 2732 858 2774 ex
887 2711 1065 2794 prudentia
1091 2717 1125 2772 et
1155 2709 1316 2792 religione
1348 2728 1415 2790 qua

330 2796 454 2875 pollere
467 2794 782 2877 solentSuperiores
795 2802 828 2857 et
841 2795 965 2858 auxilio
978 2794 1090 2857 divino
1103 2795 1189 2874 quod
1203 2792 1283 2875 ipsis
1295 2793 1415 2856 adesse

330 2875 449 2938 merito
466 2885 634 2959 speratur,
648 2884 700 2939 est
713 2897 773 2940 cur
789 2878 943 2940 subditus
960 2899 995 2940 se
1013 2876 1209 2958 simpliciter
1225 2876 1416 2938 committat

329 2959 565 3039 gubernationi
579 2959 810 3041 Superiorum,
828 2961 939 3038 itaut,
958 2961 1021 3022 nisi
1037 2967 1200 3042 appareat
1223 2966 1412 3042 peccatum,

329 3042 462 3105 obediat
479 3045 606 3123 absque
621 3042 781 3105 ulteriore
797 3043 961 3106 examine.
977 3043 1048 3106 Clr.
1064 3043 1267 3124 Suarez,op.
1283 3062 1314 3106 c.
1328 3048 1371 3104 tr.
1382 3062 1412 3123 7,

328 3125 351 3186 l.
372 3148 419 3203 10,
444 3146 478 3189 n.
495 3131 526 3189 8.
551 3147 585 3206 93
610 3125 649 3190 C.
672 3125 713 3188 de
737 3127 846 3208 Lugo,
864 3128 1019 3208 Responsa
1042 3124 1186 3195 morolio,
1213 3128 1235 3188 l.
1252 3146 1282 3208 3,
1300 3125 1332 3187 d.
1360 3145 1411 3204 193

328 3207 497 3287 Palmieri,
515 3211 537 3271 l.
555 3229 584 3272 c.
602 3229 636 3272 n.
657 3215 725 3272 188.

369 3293 460 3358 296.
476 3294 628 3356 Materia
652 3293 814 3370 proxima
837 3290 908 3354 voti
936 3290 1146 3354 obedientiae
1175 3288 1412 3372 complectitur

328 3463 383 3518 tur
406 3459 439 3519 vi
460 3458 619 3538 potestatis
644 3457 853 3521 dorrrr'rrotr‘oae
881 3460 935 3520 vel
954 3455 1194 3538 jurisdictionis
1225 3454 1294 3519 Cir.
1323 3455 1413 3516 dicta

327 3559 362 3602 n.
382 3541 422 3602 16
438 3551 471 3601 et
487 3541 563 3604 288.

367 3624 534 3704 Praecepta
549 3623 652 3684 stricte
668 3621 756 3693 talr'e.
776 3625 797 3687 i.
815 3643 844 3685 e.
859 3635 944 3704 quae
960 3629 1076 3684 tenent
1093 3619 1346 3695 conscientiam,
1364 3617 1412 3680 ita

326 3714 364 3766 ut
380 3704 672 3786 omitti'nequeant
687 3707 761 3769 sino
778 3714 929 3789 peccato.
1365 3735 1367 3738 ·

366 3785 572 3869 llegrrlerrbrrs
594 3808 652 3869 quo
676 3787 800 3867 tutibru,
824 3808 885 3850 seu
910 3808 995 3869 quae
1012 3787 1053 3849 ad
1072 3786 1245 3872 proprium
1262 3785 1411 3867 ipsorum

325 3874 452 3933 statum
469 3890 527 3932 seu
541 3871 750 3955 disciplinam
773 3871 978 3949 referuntur,
1004 3891 1071 3932 non
1089 3889 1180 3932 mere
1197 3871 1238 3931 ad
1263 3885 1411 3930 commu-

325 3971 401 4014 nem
418 3952 541 4014 civium
558 3956 611 4016 vel
627 3951 890 4030 christianorum
908 3953 1150 4017 condicionem.

365 4037 496 4115 Itaque,
513 4041 618 4098 eontra
634 4042 737 4100 uotum
752 4058 812 4099 rrorr
820 4036 904 4119 fecit
919 4037 1114 4117 religiosus:

365 4119 430 4202 Qui
471 4138 538 4182 non
576 4122 789 4203 persequitur
818 4125 957 4183 consueto
985 4117 1204 4202 Superiorum
1235 4116 1408 4179 mandata.

351 4343 430 4392 lAlii
450 4349 542 4408 tamen
558 4343 638 4391 aliter
654 4341 834 4402 distinguunt.
853 4339 909 4389 Cir.
928 4336 1059 4399 Sanchez,
1078 4339 1094 4386 l.
1112 4350 1136 4386 c.
1156 4349 1180 4384 c.
1195 4349 1223 4394 2·;
1245 4330 1408 4390 Lehmkuhl,

322 4406 340 4456 t.
356 4419 377 4468 1,
390 4417 417 4456 u.
432 4409 488 4460 538;
504 4402 574 4454 Prat,
589 4406 607 4448 t.
623 4417 643 4457 ι,
656 4414 682 4460 p.
697 4407 738 4449 286
752 4413 792 4462 sq.
