3148 5004
128 417 305 500 [161-163]
504 439 539 474 os
555 437 724 474 somssmmr
739 439 769 474 nr
785 438 960 476 Rsmmomnu
1177 419 1216 482 97

168 576 280 657 Atque
303 575 477 654 observes,
502 573 786 656 dispensationem
799 575 909 651 istam,
925 596 1011 657 quae
1027 578 1120 658 prius
1138 597 1217 640 con·

129 659 270 722 cedatur
291 678 397 741 ,quam
424 657 457 720 in
483 658 628 737 aliquem
656 657 814 722 Ordinem
831 659 876 721 sis
896 661 1075 738 admissus,
1095 660 1221 723 nemini

129 741 316 805 existimari
337 742 548 816 damnosam,
574 759 649 802 cum
666 742 915 804 nullius·laedat
928 742 984 824 jus
1002 743 1219 823 acquisitum.

533 1109 728 1190 CAPUT
757 1109 815 1189 ΙΙΙ

342 1333 395 1399 DE
419 1334 672 1401 ADMISSIONE
697 1336 739 1400 ΙΝ
764 1335 1016 1445 nemorosam

131 1555 346 1604 antummum,
369 1541 409 1606 tle
435 1541 529 1607 variis
552 1542 689 1623 personis
712 1558 789 1623 quae
810 1541 937 1624 quodam
962 1541 1048 1608 modo
1073 1541 1220 1626 pertinent

556 1648 593 1714 ad
617 1648 794 1731 religionem

176 1851 262 1915 163.
282 1851 357 1933 Quo
373 1853 489 1933 plures
512 1853 598 1934 juris
622 1853 817 1915 sanctiones
832 1854 951 1917 melius
975 1853 1219 1934 intelligantur,

133 1951 255 2013 operae
284 1935 427 2015 pretium
459 1942 512 1999 est
538 1944 697 1998 accurate
724 1944 802 1998 ante
832 1938 948 1998 oculos
977 1944 1128 1999 statuere
1156 1957 1222 2018 qua

135 2015 233 2077 varia
245 2016 443 2079 condicione
462 2037 626 2098 personae
642 2020 732 2080 intra
744 2022 894 2081 claustra
909 2019 1067 2100 religiosa
1082 2019 1222 2100 reperiri

138 2098 280 2180 possint.
298 2098 416 2179 Itaque
433 2110 514 2164 sunt
530 2101 763 2180 potissimum:

179 2203 208 2244 1.
224 2179 391 2264 Religiosi,
409 2183 477 2262 qui,
495 2183 627 2247 emissis
650 2183 738 2245 votis
761 2183 1052 2256 substantialibus,
1071 2183 1222 2246 Instituti

134 2270 214 2326 sunt
243 2265 379 2347 proprie
409 2266 489 2329 dicti
517 2269 660 2330 sodales
689 2266 734 2328 Hi
756 2269 827 2349 jam
853 2268 962 2327 solent
993 2285 1066 2328 esse
1098 2265 1223 2348 dispari

133 2347 251 2426 gradu.
266 2348 418 2428 Namque
433 2368 441 2410 z

174 2431 209 2572 a}
230 2429 401 2522 Qualitate
432 2436 589 2495 votorum
621 2437 699 2494 sunt
735 2429 920 2492 sollemniter
957 2432 1011 2493 vel
1043 2429 1223 2508 simpliciter

155 2530 193 2573 ro
208 2531 296 2589 ess13

131 2531 206 2672 pb)
229 2595 410 2677 Deputatis
436 2596 566 2658 artibus
590 2602 623 2658 et
647 2595 853 2673 ministeriis,
878 2601 957 2658 sunt
972 2595 1084 2674 clerici,
1104 2595 1224 2657 addicti

132 2674 232 2746 choro,
248 2683 302 2741 vet
318 2676 404 2750 laici,
420 2678 521 2757 quiin
539 2680 733 2742 domesticis
748 2681 802 2740 vel
827 2679 1067 2758 temporalibus
1084 2698 1222 2741 versan-

1281 1812 1438 1862 Variorclas·

1276 1887 1311 1919 ses
1325 1877 1437 1932 persona·

1277 1943 1330 1976 rum
1344 1943 1401 1988 quor

1275 1988 1424 2034 commorari

1272 2049 1371 2105 possunt
1411 2047 1437 2091 in

1276 2101 1389 2150 claustris
1400 2116 1408 2149 :

1306 2212 1424 2272 Religiosi

1273 2274 1352 2331 presse
1371 2271 1436 2327 tales,

133 2767 190 2821 tur
202 2761 357 2842 negotiis.
373 2759 496 2823 Secuto
512 2777 557 2839 xi,
576 2763 609 2824 in
625 2762 749 2825 Ordine
767 2762 802 2824 S.
819 2762 1005 2836 Benedicti,
1020 2762 1128 2844 coepti
1144 2771 1224 2824 sunt
1312 2823 1316 2830 Ι

133 2842 181 2984 ibta
204 2842 363 2924 distingui
389 2840 538 2906 Monachi
563 2843 694 2906 litterati
719 2865 739 2906 a
764 2843 932 2906 Fratribus
953 2842 1136 2922 illitteratis,
1153 2843 1222 2905 bar·

153 2924 213 2983 otis
230 2932 265 3002 ¹3
730 2921 735 2933 ’

177 3027 208 3067 2.
224 3007 357 3077 Novitii,
377 3011 431 3090 qui
449 3009 630 3091 inproprie
646 3009 735 3071 dicta
750 3009 950 3091 probatione
962 3009 1004 3070 ad
1021 3010 1223 3073 alterutrum

136 3089 279 3168 gradum
307 3092 505 3155 clericorum
532 3094 584 3154 vel
612 3095 776 3154 laicorum
803 3092 1038 3169 instituuntur,
1066 3102 1101 3154 et
1127 3094 1160 3155 in
1187 3113 1223 3155 re

135 3169 314 3234 favorabili
327 3176 469 3238 veniunt
485 3174 619 3236 nomine
632 3174 866 3254 religiosorum
884 3195 891 3252 3

176 3277 206 3334 3.
223 3255 430 3328 Postulantes,
448 3256 503 3337 qui
516 3257 686 3336 hospitum
703 3276 795 3322 more
810 3260 992 3317 versantur
1004 3254 1037 3316 in
1051 3256 1221 3334 claustriS,

133 3337 286 3419 aspirant
312 3346 424 3401 tamen
456 3339 497 3402 ad
527 3339 776 3420 cooptationem
806 3339 840 3400 in
869 3338 1077 3400 Novitiatum
1108 3357 1223 3418 presse

136 3423 235 3482 talem
252 3441 259 3483 :
278 3431 445 3502 eruntque
462 3420 569 3502 magis
586 3422 720 3502 proprie
736 3423 963 3496 Postulantes,
981 3421 1020 3496 si,
1038 3439 1223 3501 paucorum

134 3500 263 3565 dierum
279 3507 333 3566 vel
358 3505 524 3567 mensium
547 3505 725 3566 intervallo
741 3505 784 3565 ab
801 3505 864 3565 hoc
891 3503 1046 3582 ingressu
1063 3501 1221 3584 separati,

132 3583 200 3666 jam
216 3587 393 3668 cujusdam
410 3587 588 3666 religiosae
606 3586 812 3662 probationis
830 3585 971 3647 fecerint
984 3584 1115 3646 initium
1130 3607 1137 3662 3

174 3691 204 3749 4.
222 3669 322 3731 Pueri
336 3667 432 3731 oblati
447 3670 693 3746 aparentibus,
708 3669 764 3748 qui
775 3669 853 3731 olim
866 3669 898 3729 in
913 3677 1113 3750 perpetuum
1125 3674 1223 3730 erant

132 3749 247 3812 divino
263 3753 376 3814 devoti
389 3751 577 3816 famulatui.
593 3751 663 3814 Cir.
678 3771 792 3832 supra,
810 3773 843 3814 n.
858 3768 944 3830 1403

175 3851 205 3912 5.
234 3834 350 3896 Genus
377 3835 544 3915 quoddam
580 3835 811 3911 Tertiariorum,
844 3834 900 3914 qui
933 3834 1091 3897 dicuntur
1120 3833 1222 3895 etiam

133 3914 311 3991 Commissi,
326 3917 483 3994 Conversi,
498 3916 624 3993 Donati,
639 3915 755 3979 Oblati.
769 3919 901 3980 Horum
914 3935 1108 3979 communes
1122 3926 1223 3978 notae

134 4005 225 4076 sunt,
253 4000 342 4081 quod
367 4001 564 4081 nequidem
590 4020 657 4080 qua
678 4001 797 4062 novitii
822 4007 1046 4063 accensentur
1071 4000 1223 4082 personis

134 4082 359 4161 regularibus,
384 4082 616 4164 adjunguntur
642 4088 753 4146 tamen
776 4091 938 4163 tanquam
953 4082 1132 4161 auxiliarii,
1156 4086 1223 4164 ple-

164 4289 241 4338 lcsr.
252 4290 458 4341 Kirctzmlexicom
477 4305 502 4339 v.
522 4289 764 4341 Benedictimmrden,
778 4305 804 4349 p.
819 4298 868 4345 341.
882 4292 959 4350 Ipsos
975 4290 1071 4340 iratres
1087 4306 1150 4341 vere
1167 4308 1225 4342 esse

133 4347 275 4404 religiosos
296 4353 323 4395 et
342 4348 520 4416 sollemnibus
540 4362 589 4453 per
609 4362 637 4396 se
659 4349 785 4396 astrictos
807 4347 877 4394 votis
896 4363 950 4396 non
970 4350 1053 4398 semel
1074 4350 1225 4401 declaravit

134 4406 163 4455 S.
176 4407 275 4468 Congr.
289 4405 345 4454 Cfr.
359 4408 492 4464 Bizzarrr,
505 4406 538 4454 Co
549 4406 657 4464 tectanra,
672 4414 722 4453 318.
733 4423 784 4464 407,
797 4421 829 4466 sq
842 4445 848 4465 ,
861 4414 912 4464 443·
925 4425 976 4466 444·

1145 4507 1160 4557 7

1276 3041 1382 3097 Novitti,

1277 3285 1435 3344 Postulantes,

1277 3699 1435 3757 Pueriottatt‚

1277 3864 1359 3913 Oblatt
1381 3867 1438 3914 Ter·

1277 3923 1356 3980 tiarts',
