3142 5004
8 4539 30 4580 Ι

169 479 354 558 [332·333]
539 499 575 536 na
590 499 716 535 niscassu
732 497 939 536 asarotososurr
1196 475 1255 538 lttl
1278 541 1280 546 ,

166 628 260 692 tas'iae
273 636 404 706 morbus,
429 643 461 692 ut
481 652 583 693 veram
597 635 765 709 suppeditet
786 652 907 704 causam
922 633 1043 708 tollendi
1057 641 1125 691 vota
1136 627 1186 707 p'er
1199 631 1256 690 dis-

168 721 389 793 pensationem.

203 800 251 861 De
269 800 424 864 securitate
446 823 533 878 porro
556 804 767 879 conscientiae,
782 804 818 863 de
835 823 895 879 qua
914 799 1064 879 praeterea
1086 803 1134 860 hic
1156 801 1257 876 quaeri

170 892 291 956 solitum
306 901 359 963 est,
372 891 542 950 utbreviter
555 892 701 962 dicamus,
716 893 853 950 videntur
862 892 1000 950 nonnulli
1013 891 1169 966 scriptores
1179 890 1257 946 bono

170 977 272 1032 animo
300 975 409 1033 nimias
436 976 557 1052 injicere
583 973 767 1034 formidines.
796 976 856 1052 Qui
880 977 972 1046 enirn,
996 975 1105 1052 rejecta
1127 973 1256 1042 fictione,

170 1059 339 1116 auctoritati
361 1059 578 1117 ecclesiasticae
603 1060 717 1118 sincere
741 1061 845 1133 pandit
863 1057 1060 1128 difficultates,
1084 1057 1257 1122 anxietates,

170 1143 278 1216 quibus
291 1143 328 1200 ad
347 1143 508 1216 petendam
529 1153 666 1200 votorum
681 1145 862 1201 solutionem
886 1143 1057 1216 impellitur,
1078 1157 1260 1213 causamque

171 1243 268 1296 suam,
281 1227 399 1283 obedire
411 1225 540 1300 paratus
553 1227 697 1301 permittit
710 1228 853 1285 Praelatis
867 1227 1034 1285 Ecclesiae:
1049 1227 1074 1283 is
1084 1243 1144 1283 non
1158 1232 1261 1298 peccat

170 1311 347 1384 postulando
369 1304 635 1385 dispensationem,
651 1311 791 1386 idemque
805 1313 956 1369 Ecclesiae
968 1312 1081 1388 judicio
1100 1318 1164 1368 tuto
1183 1317 1260 1366 stare

170 1405 276 1469 potest.
291 1394 378 1472 Quod
391 1397 416 1453 si
429 1396 570 1470 deinceps
592 1396 819 1470 deprehenderit
840 1415 871 1455 se
885 1415 1007 1464 errasse,
1029 1405 1073 1454 est
1090 1413 1143 1453 cur
1162 1395 1260 1468 ipsum

170 1478 272 1537 amissi
285 1479 417 1537 thesauri
432 1481 593 1553 paeniteat,
609 1497 668 1536 non
682 1490 828 1538 autemut
842 1481 945 1538 animo
956 1481 1042 1538 cadat
1055 1480 1139 1554 quasi
1158 1496 1176 1536 a
1195 1479 1261 1536 Deo
1300 1535 1303 1540 .

171 1561 245 1620 foret
258 1564 447 1633 deserendus
461 1564 566 1637 hisque
577 1564 782 1620 destituendus
797 1565 898 1637 gratiis
908 1564 1016 1638 quibus
1030 1562 1192 1636 praesentis
1204 1570 1261 1618 sta-

172 1657 219 1703 tus
231 1645 457 1720 explere'officia
472 1650 667 1720 animamque
680 1648 717 1704 ad
731 1648 834 1704 salutis
849 1657 967 1720 portum
982 1648 1140 1721 perducere
1153 1646 1260 1702 valeat.

213 1745 331 1823 Nem0,
348 1743 390 1804 ob
410 1744 624 1825 infirmitatem
646 1764 731 1824 quae
754 1750 830 1828 post
855 1751 935 1806 vota
955 1744 1121 1819 inciderit,
1140 1743 1265 1820 dimitti

174 1833 284 1908 potest
300 1826 436 1889 invitus.
460 1828 561 1890 Decr.
580 1827 811 1905 Sanctissimae,
829 1848 863 1890 n.
882 1849 927 1905 v.‚
949 1849 984 1891 12
996 1829 1070 1908 jun.
1094 1833 1180 1906 1858.
1196 1827 1262 1888 Ita·

174 1928 238 1990 que
254 1909 376 1972 dimitti
393 1929 459 1972 non
476 1910 597 1990 poterit
614 1912 784 1992 professus
802 1911 1006 1991 quimentenr
1022 1909 1168 1987 amittat,
1186 1929 1262 1971 cum

176 1992 332 2055 assentiri
350 1999 507 2072 nequeat.
528 1992 598 2054 Cir.
616 1994 816 2055 documenta
833 1992 914 2054 tomi
929 2015 959 2055 2.

177 2156 196 2220 d
215 2097 247 2219 ἶ).
260 2074 523 2158 Congregaiiones
534 2074 697 2157 religiosae
709 2096 788 2138 suas
801 2095 954 2156 quaeque
969 2076 1060 2155 leges
1078 2075 1262 2137 observare

199 2178 216 2219 e
243 2165 313 2221 ent.

217 2242 306 2306 333.
330 2242 525 2320 Ejeetionis
546 2241 707 2304 effectus.
732 2240 922 2321 Religiosus
946 2239 1096 2321 ejectus:

220 2345 247 2387 r.
266 2324 357 2406 Quod
372 2323 414 2386 ad
434 2323 583 2405 regimen,
600 2326 633 2402 a)
651 2323 814 2386 Subditur
837 2321 1006 2385 Ordinarii
1029 2323 1094 2383 loci
1105 2319 1261 2403 jurisdic-

177 2405 260 2468 tioni
274 2416 307 2468 et
321 2405 506 2469 dominatui
518 2427 525 2483 ;
539 2409 574 2485 b)
587 2407 765 2488 Proprium
779 2405 962 2486 Religionis
975 2404 1127 2466 habitum
1140 2423 1262 2466 exuere

176 2489 287 2566 debet,
305 2487 444 2551 induere
467 2508 550 2551 vero
567 2496 678 2552 vestes
696 2489 884 2565 clericales3
902 2490 933 2564 e)
957 2487 1127 2552 Astrictus
1149 2492 1262 2548 manet

176 2572 266 2633 votis
281 2571 560 2634 substantialibus
577 2572 586 2599 ¹
602 2594 609 2649 ;
629 2573 760 2634 mitiore
777 2580 900 2647 tamen,
925 2590 966 2632 ex
988 2567 1066 2652 ipsis
1082 2569 1261 2651 adjunctis,

179 2657 286 2718 utitur
302 2654 477 2738 disciplina
499 2656 720 2737 paupertatis
739 2654 948 2716 obedientiae
971 2661 1004 2714 et
1020 2652 1109 2715 uitae
1132 2653 1261 2728 cultus;

180 2741 214 2816 d)
237 2738 375 2802 Minime
391 2737 534 2800 solvitur
550 2740 622 2821 ejus
637 2745 754 2800 votum
778 2757 845 2800 non
864 2735 1062 2817 acceptandi
1083 2735 1262 2814 dignitates

178 2821 273 2883 extra
289 2820 467 2890 Ordinem:
486 2824 518 2898 e)
541 2821 729 2902 Privilegiis
746 2839 826 2882 suae
843 2817 1012 2899 religionis
1036 2838 1102 2880 non
1120 2817 1261 2894 l'ruitur3

177 2905 204 2981 f)
220 2904 317 2985 Quod
331 2904 374 2965 ad
390 2903 617 2966 confessiones
633 2909 667 2966 et
693 2903 803 2965 forum
826 2903 995 2965 internum
1017 2901 1263 2962 assimulandus

179 2986 311 3047 videtur
326 2987 548 3048 secularizato
565 3005 625 3048 nee
637 2988 719 3068 jam,
737 2993 774 3048 ut
790 2985 968 3047 verisimile
985 2992 1047 3060 est,
1073 3004 1149 3046 curn
1166 2985 1261 3065 sepa-

180 3073 276 3129 ratus
292 3067 334 3128 sit
350 3088 370 3128 a
393 3069 565 3146 religione,
591 3068 736 3146 videtur,
755 3069 852 3130 titulo
862 3065 1073 3148 professionis
1098 3067 1204 3128 teneri
1221 3067 1263 3127 ad

181 3149 390 3212 recitandum
417 3149 584 3215 Officium.
602 3152 698 3233 Quod
725 3150 753 3212 si
779 3151 880 3212 luerit
907 3151 939 3211 in
966 3150 1084 3226 sacris,
1102 3149 1263 3211 dioecesis

181 3233 275 3313 sequi
290 3231 388 3295 debet
403 3233 567 3296 ordinem.
585 3236 617 3312 g)
634 3234 744 3297 Debet
760 3233 929 3313 corrigere
947 3251 1058 3294 mores
1071 3239 1105 3293 et
1121 3231 1163 3292 ad
1186 3230 1262 3294 reli-

182 3317 337 3396 ligionem
355 3315 476 3378 redire.-

223 3421 254 3462 2.
271 3399 368 3481 Quod
383 3398 424 3461 ad
440 3398 626 3460 sanctiorem
634 3397 793 3481 poenalem
807 3421 816 3458 :
832 3399 885 3461 Ex
902 3396 939 3461 C.
957 3393 1147 3475 Apostolieae
1162 3395 1263 3474 Sedis,

182 3483 270 3546 inter
285 3480 500 3564 Suspensiorres
522 3482 599 3544 Sedi
616 3483 830 3564 Apostolicae
845 3485 1024 3558 reservatus,
1050 3499 1084 3542 n.
1101 3497 1131 3559 5,
1151 3505 1164 3534 ‹<
1184 3479 1264 3541 Sus·

181 3564 376 3647 pensionem
406 3568 585 3646 perpetuari
614 3567 656 3626 ab
693 3564 852 3627 exercitio
889 3563 1052 3626 Ordinum
1085 3562 1156 3645 ipso
1189 3562 1266 3643 jure

182 3651 362 3710 incurrunt
374 3647 533 3729 Religiosi
548 3647 644 3728 ejecti,
659 3655 747 3710 extre
760 3646 951 3729 Religionem
963 3647 1133 3727 degentes.
1154 3672 1167 3701 »

222 3730 335 3812 Ejeeti,
365 3738 444 3792 sunt
474 3731 495 3792 ii
522 3732 590 3810 qui,
620 3751 696 3794 cum
721 3728 946 3812 incorrigibiles
972 3731 1051 3806 sint,
1083 3728 1267 3790 secundum

181 3813 324 3876 formam
339 3815 382 3876 ad
396 3814 534 3878 Urbano
548 3830 610 3876 vm
627 3813 870 3896 praescriptam
886 3813 1077 3893 ejiciuntur.
1093 3811 1268 3874 Ballerini-

183 3895 350 3974 Palmieri,
367 3897 450 3977 Opus
466 3894 679 3978 theologicum,
696 3912 738 3960 tr.
760 3918 807 3974 rr,
825 3916 854 3958 c.
868 3915 898 3973 2,
917 3917 950 3957 n.
968 3913 1040 3975 535.

226 3978 421 4058 Requiritur
448 3989 484 4042 ut
502 3977 587 4059 juste
609 3979 676 4040 sint
699 3979 817 4062 ejecti3
843 3979 863 4040 i.
890 3998 919 4040 e.
943 3998 983 4039 ex
1006 3996 1110 4039 causa
1128 3977 1221 4059 justa
1236 3983 1270 4038 et

185 4070 321 4122 servato
337 4063 453 4124 ordine
465 4062 563 4144 juris.
583 4062 641 4124 Sin
668 4062 789 4140 minus
807 4061 966 4123 exercitio
990 4060 1143 4123 ordinum
1167 4058 1271 4121 absti-

185 4162 264 4204 nere
289 4162 355 4204 non
381 4144 514 4222 debent,
540 4144 603 4206 nisi
625 4151 793 4225 quatenus
814 4143 940 4207 vitetur
967 4143 1173 4206 scandalum.
1199 4141 1269 4205 Ct‘r.

183 4226 533 4307 Ballerini·Palmieri‚
551 4228 625 4291 eod.
640 4232 726 4292 loco.
1121 4262 1131 4267 -

214 4434 219 4468 ¹
232 4431 313 4495 Quod
326 4435 399 4480 valet
409 4431 493 4499 ¹etiam
505 4432 538 4480 de
549 4431 642 4492 ejectis
653 4429 689 4480 ab
702 4430 831 4480 Instituto
847 4433 972 4481 votorum
983 4428 1072 4491 simpl.
1087 4430 1129 4478 Ita
1141 4429 1168 4479 Si
1187 4429 1271 4490 Cong.

187 4493 244 4541 EE.
257 4499 283 4541 et
295 4493 355 4540 RR.
371 4509 397 4539 ro
405 4505 462 4553 Jan.
478 4499 542 4552 1896.
556 4492 686 4549 Meritorr,
699 4505 724 4549 x,
740 4508 761 4549 1,
774 4505 800 4552 p.
814 4496 836 4539 5.

1339 813 1374 860 Et
1385 813 1469 861 securi·
1525 853 1528 858 ,

1312 876 1366 920 iate.

1345 1752 1460 1814 Infirmus

1315 1811 1408 1860 diuum
1434 1827 1472 1858 ne·

1315 1873 1365 1930 quil
1375 1872 1474 1918 inritus.

1330 2095 1362 2141 ln
1372 2094 1475 2150 Congre-

1314 2151 1464 2212 grationibus.

1333 2263 1445 2332 ,Eli-'⁶³3⁶

1316 2332 1444 2382 ejectionis.

1345 2437 1464 2494 Regimen

1346 3433 1450 3481 Poenae.
