3134 5016
671 1131 841 1228 PARS
879 1129 1088 1226 NONA

382 1359 437 1480 lii
474 1357 634 1484 lillis
671 1355 900 1480 utullus
938 1357 989 1479 u
1025 1355 1104 1482 ils
1141 1357 1373 1485 soullllll

582 1537 662 1660 SEU
698 1536 1180 1662 attitulationis
1284 1709 1286 1712 Ι
1323 1590 1325 1594 ·

713 1781 1032 1790 -ι--η--ι--υ-

755 1919 949 2002 CAPUT
977 1921 995 1999 Ι

550 2101 558 2115 ’
638 2096 690 2192 ni
713 2125 871 2193 rrnrus
895 2127 1117 2193 onmmaus

331 2313 490 2375 Ferraria,
510 2308 683 2366 Bibliotheca
704 2311 850 2378 canopica,
866 2327 891 2364 v.
907 2312 1043 2367 Tutiarii
1052 2329 1062 2379 ;
1082 2313 1114 2368 G.
1129 2313 1325 2382 d'Annioale‚
1344 2315 1419 2370 Sam·

364 2395 449 2452 mala,
462 2406 479 2458 1,
491 2407 519 2446 u.
532 2394 596 2458 106;
608 2393 759 2457 Hilarius,
771 2393 853 2448 Liber
866 2395 945 2450 tertii
958 2393 1090 2462 Ordiaim
1103 2396 1250 2460 Seuerou,
1262 2397 1421 2453 Handiaci

365 2468 409 2525 das
421 2467 644 2534 Kiraioareclits,
657 2469 674 2524 l.
686 2473 711 2537 4,
726 2485 749 2524 o.
762 2471 785 2535 2,
798 2471 814 2538 ξ
828 2473 876 2524 150
886 2483 893 2535 ;
905 2473 1072 2540 Berlnqem
1084 2473 1135 2527 Die
1147 2472 1269 2538 liliosa,
1283 2487 1309 2539 p.
1322 2473 1345 2536 2,
1358 2488 1380 2540 s.
1395 2475 1420 2539 4,

364 2549 727 2615 §70;Piat‚Praelaotioaas,
738 2550 790 2601 eto.
804 2549 822 2601 t.
834 2561 885 2616 1,p.
898 2550 944 2614 3o;
955 2550 974 2602 t.
987 2562 1015 2614 11,
1030 2565 1057 2617 p.
1071 2553 1103 2604 53
1116 2565 1175 2618 sqq.
1188 2565 1213 2616 p.
1226 2551 1272 2629 llo
1282 2561 1289 2614 ;
1300 2551 1411 2618 Anote-

363 2630 413 2684 lus
425 2641 443 2682 a
454 2629 506 2684 SS.
520 2629 629 2690 Corde,
638 2629 777 2691 Manuale,
791 2629 852 2692 eto,
862 2632 881 2681 t.
891 2630 915 2692 2,
926 2644 953 2696 p.
965 2631 1092 2696 423-4333
1104 2631 1344 2698 Heraeurotlrer·
1354 2627 1419 2684 und

363 2709 494 2770 Kauleu,
507 2705 746 2768 lliroiealeaicoa
758 2720 784 2758 v.
801 2707 956 2762 Tertiaricr
968 2707 1026 2762 ind
1041 2707 1289 2764 Tertiariariuuan.
1306 2709 1307 2714 ’
1365 2739 1367 2744 .

376 2875 463 2939 534.
481 2874 590 2936 Notio
606 2883 641 2938 et
665 2891 794 2950 genera
810 2875 1084 2938 Tertiariorum.
1112 2898 1140 2939 1.
1166 2872 1324 2938 Tertiarii
1339 2877 1418 2936 sunt

332 2964 506 3038 quotquot,
524 2956 653 3037 orig-ine
668 2957 721 3017 vel
736 2956 802 3020 fine
825 2956 972 3018 instituti
999 2964 1058 3019 aut
1073 2959 1210 3040 propria
1226 2955 1419 3020 condicione

332 3039 515 3122 praepediti
528 3038 704 3118 quominus
720 3039 867 3121 perfecte
881 3040 1070 3119 regularem
1094 3041 1268 3122 cujusdam
1286 3038 1419 3118 Ordinis

332 3129 516 3202 sequantur
531 3121 748 3204 disciplinam,
765 3121 977 3185 subsevicam
991 3123 1182 3206 quampiam
1197 3123 1270 3204 ejus
1284 3123 1420 3203 regulae

332 3206 499 3268 rationem
516 3205 731 3296 profitentur.
1408 3272 1412 3280 Ρ

372 3311 403 3351 2.
420 3287 544 3372 Quare,
563 3286 748 3350 communis
764 3291 815 3347 est
830 3287 979 3349 omnium
1002 3285 1250 3350 Tertiariorum
1268 3285 1418 3369 professio

330 3369 481 3452 quaedam
495 3368 576 3434 oilae
589 3368 759 3436 sanctioris,
779 3387 903 3449 genere
915 3376 1029 3431 autem
1045 3377 1124 3432 sunt
1142 3368 1323 3450 trigemini.
1366 3381 1368 3386 ·
1409 3378 1412 3387 ’

371 3447 405 3532 a)
421 3451 523 3519 Primi
543 3471 622 3513 vere
645 3457 723 3512 sunt
747 3456 846 3512 coelus
867 3449 1007 3534 religiosi
1020 3452 1158 3514 uirorum
1173 3453 1226 3514 vel
1243 3450 1418 3530 mulierum,

330 3535 435 3616 quiin
451 3553 593 3608 numero
609 3533 771 3596 Ordinum
789 3533 842 3595 vel
858 3533 1169 3615 Congregationum
1184 3533 1418 3614 religiosarum

330 3636 445 3699 presse
460 3618 515 3680 vel
528 3617 596 3679 late
608 3668 612 3672 .
622 3623 844 3698 sumptorum.
861 3617 1048 3698 reponendi
1061 3623 1151 3680 suut.
1180 3618 1219 3679 In
1242 3615 1315 3678 aliis
1338 3622 1419 3678 vota

329 3706 409 3762 sunt
425 3697 619 3762 sollemnia:
647 3700 695 3761 ita
720 3698 752 3760 in
783 3698 882 3760 Tertio
899 3700 953 3761 illo
970 3699 1086 3762 Ordine
1101 3697 1242 3782 regulari
1259 3696 1314 3778 qui
1328 3697 1363 3759 in
1380 3697 1418 3761 C.

328 3782 513 3859 Misericors,
531 3803 568 3860 23
589 3782 662 3862 jun.
682 3785 771 3860 1883,
789 3802 809 3842 a
825 3781 887 3844 SS.
912 3781 1026 3844 Leone
1049 3783 1109 3864 Pp.
1135 3797 1207 3845 xur.
1220 3787 1305 3843 nutu
1317 3779 1417 3860 signi·

329 3865 468 3942 ficetum
496 3864 528 3926 in
555 3863 628 3926 aliis
651 3882 733 3926 vero
760 3873 840 3926 vota
867 3870 999 3926 tantum
1027 3863 1211 3946 simplicia:
1237 3883 1307 3946 quo
1331 3860 1416 3939 regi·

265 3987 266 3992 1
328 3947 414 4012 mine
447 3947 641 4028 plerumque
670 3953 813 4008 utuntur
853 3946 952 4008 hodie
990 3953 1220 4028 congregatae
1259 3945 1417 4009 mulieres

325 4028 525 4106 Tertiariae,
555 4033 755 4109 easdemque
781 4027 815 4090 in
836 4029 963 4091 nostris
986 4029 1138 4111 partibus
1155 4029 1307 4092 videmus
1323 4045 1416 4090 exer-

327 4114 453 4180 cendae
478 4111 612 4174 caritati
639 4113 672 4173 in
698 4111 911 4193 proximum3
941 4111 1099 4174 curandis
1121 4111 1274 4190 infirmis,
1298 4109 1416 4192 puellis

325 4195 495 4274 docendis,
512 4201 591 4272 ete,
608 4192 820 4256 utilissimam
836 4213 975 4275 operam
992 4213 1120 4255 navare
1134 4193 1157 4256 ¹.

351 4405 358 4438 ¹
375 4402 475 4451 Omnia
486 4401 617 4452 Instituta
626 4417 697 4464 quae
708 4401 848 4451 tertiaeS.
862 4401 1004 4466 anoisci
1022 4403 1133 4463 regulae
1143 4400 1336 4451 substantialia
1347 4398 1407 4465 reli·

322 4458 409 4520 gionis
424 4467 488 4508 vota
506 4459 683 4522 conjungunt,
702 4461 785 4509 etiam
802 4473 876 4521 quae
894 4459 1014 4509 Mimstri
1032 4460 1175 4510 Generalis
1195 4459 1277 4521 primi
1296 4458 1407 4508 Ordrms

1542 3681 1555 3717 ᾗ

1554 4951 1560 5000 i
