3134 5016
898 309 932 374 '‘*s

369 458 428 521 346
765 482 832 518 Pers
848 482 933 540 ΝΟΜ·
950 453 1028 606 &pr
1044 496 1064 532 11

368 615 541 678 Institutio
558 615 687 679 consilii
703 636 762 678 seu
778 616 998 696 Magistratus
1008 612 1164 702 bosan-ij,
1193 627 1326 706 erigere
1363 623 1446 684 nullo

368 698 410 760 ad
426 700 578 760 valorum
595 706 732 761 actuum
748 699 942 778 requiritur.
956 697 1050 760 Omnl
1080 710 1175 772 ianas
1208 705 1445 788 congregatio-

368 786 469 845 estut
482 781 515 842 in
531 781 645 846 haere
661 782 886 844 observentur
902 787 1030 842 statuta
1046 800 1063 842 e
1080 799 1196 871 gamen
1227 786 1444 870 indulgentias

368 883 445 926 cum
463 883 544 925 usus
571 864 704 945 quidam
723 865 942 947 pecuniarum
966 867 1097 948 postula

367 948 486 1008 saltem
503 947 651 1008 sodalicii
668 967 879 1024 consensum,
898 947 993 1028 cujus
1007 946 1062 1008 isti
1076 948 1210 1040 catenias
1234 954 1296 1018 SS,
1321 951 1446 1016 Rosarii

368 1030 439 1091 nati
456 1029 672 1111 interpretes.
1117 1051 1203 1188 fflgs.
1231 1037 1332 1117 Prop.
1361 1032 1445 1096 Fidei
1526 1049 1531 1328 p

409 1112 460 1174 nd
484 1110 652 1178 alienanda
674 1112 751 1174 douo
775 1110 957 1176 immobilia
979 1111 1033 1171 vel
1057 1129 1116 1191 pre
1519 1162 1527 1170 ,,

367 1200 418 1255 est
433 1195 578 1258 Extrav.
595 1194 797 1258 Ambitiosae.
817 1194 886 1256 Cfr.
904 1213 1019 1276 supra,
1039 1213 1072 1255 n.
1089 1193 1166 1270 436.
1274 1201 1376 1262 Deci.
1409 1196 1441 1257 S.

184 1277 289 1348 Numae
409 1299 439 1355 3.
470 1277 703 1340 Controversiam
731 1277 818 1339 inter
847 1282 1034 1358 parocbum
1068 1286 1102 1339 et
1127 1274 1286 1337 Confrau
1323 1279 1520 1348 ...Qasr

156 1333 289 1441 ῗῇἵῇξζξζ
368 1359 548 1421 strictioris
566 1361 708 1423 rationis
725 1360 975 1441 componendae
992 1365 1071 1420 sunt
1086 1355 1128 1418 ad
1154 1375 1290 1418 normas
1315 1357 1455 1420 Decreli

157 1451 265 1498 susum
368 1441 470 1506 Urbis
493 1449 526 1502 et
549 1441 648 1505 Orbis
665 1444 699 1506 S.
719 1443 787 1505 Rit.
805 1441 930 1522 Congr.
960 1465 996 1504 ro
1019 1441 1243 1526 dec.1703·12
1262 1439 1334 1521 jan.
1362 1459 1452 1520 1704,

156 1511 268 1566 imm·
368 1523 478 1603 (Decr.
494 1523 582 1588 autb.
600 1545 633 1588 n.
652 1527 744 1604 2123)
769 1526 857 1606 quod
873 1525 1076 1587 Benedictus
1091 1539 1151 1584 xiv
1166 1522 1260 1585 auxit
1286 1541 1453 1583 commen-

309 1681 310 1684 *
368 1605 462 1668 tariis
478 1607 580 1670 [asni.
597 1629 664 1670 cun.
685 1626 754 1687 105.

408 1711 439 1770 4,
458 1689 532 1750 Non
546 1709 588 1751 eo
613 1693 685 1770 ipso
709 1690 797 1771 quod
813 1691 886 1771 quis
903 1691 1029 1753 Rector
1052 1693 1103 1748 est
1126 1685 1333 1778 nominatus,
1349 1685 1455 1746 habet

303 1825 305 1829 .
363 1771 434 1851 jam
461 1771 656 1850 facultatem
685 1773 901 1836 benedicendi
928 1773 1060 1834 rosaria
1090 1780 1123 1832 et
1153 1769 1345 1850 scapularia
1377 1787 1451 1828 cum

368 1854 592 1935 applicatione
613 1855 909 1937 indulgentiarum,
935 1855 993 1916 sed
1017 1855 1168 1934 legitima
1190 1871 1209 1912 a
1228 1853 1284 1930 jus
1307 1850 1454 1911 habente

367 1935 396 1997 ei
413 1955 496 2018 opus
513 1947 564 1998 est
589 1939 903 2002 communicatione.
930 1938 965 2000 S.
994 1937 1033 2000 C.
1059 1937 1189 2014 Indulg.
1209 1939 1246 1997 18
1261 1952 1341 1994 nov.
1363 1938 1454 2014 1842.

365 2017 459 2082 Decr.
479 2018 565 2082 arith.
584 2041 617 2084 n.
641 2042 717 2103 3423
742 2020 980 2083 conferendod.
999 2043 1037 2099 30
1050 2019 1122 2102 jan.
1145 2023 1233 2096 1839,
1250 2036 1284 2078 n.
1303 2037 1395 2096 27o‚1
1421 2027 1456 2076 et

167 2099 311 2164 Penesquem
367 2123 406 2164 22
431 2100 515 2165 febr.
536 2109 624 2186 1847,
643 2124 677 2166 n.
695 2107 800 2186 343,1.
1356 2181 1361 2190 Ι

154 2161 311 2263 iiiiisrffii.
408 2186 496 2249 551.
527 2187 875 2264 Decooptationein
891 2177 1452 2262 Sodales.1.Aqnonamsucrenda.

154 2270 235 2318 dales?
366 2265 513 2348 Coopture
526 2269 560 2329 iu
575 2269 703 2331 Sodales
719 2269 862 2351 pertinet
879 2287 989 2349 perse
1005 2269 1047 2327 ad
1064 2267 1255 2328 Rectorem.
1311 2345 1316 2354 ῃ

180 2354 299 2424 Facinus·
405 2351 468 2411 Per
493 2371 523 2411 se
546 2371 612 2413 non
641 2353 727 2414 inest
750 2353 783 2414 in
799 2353 943 2414 Rectore
962 2351 1019 2433 jus
1042 2350 1186 2409 alterum
1211 2345 1396 2409 s‘ufficrendi
1419 2345 1455 2406 in

147 2414 310 2518 {mssglfs
365 2451 463 2493 suum
492 2436 603 2496 locum
631 2434 672 2496 ad
699 2433 910 2516 recipiendos
936 2434 1080 2508 sodales,
1109 2430 1326 2512 imponendos
1356 2427 1455 2489 habi-

364 2519 418 2574 tus
448 2521 512 2576 etc.

407 2561 559 2659 iilterum
575 2598 617 2658 ad
632 2599 765 2660 eosdem
789 2607 887 2660 actus
910 2599 1087 2679 designare
1103 2589 1243 2678 possunt
1259 2596 1280 2658 ii
1297 2596 1451 2686 (Episco-

364 2698 439 2759 puS‚
466 2679 665 2760 Superiores
688 2683 876 2760 regulares)
901 2701 1044 2762 quorum
1071 2687 1123 2742 est
1148 2680 1327 2741 Rectorem
1354 2677 1450 2740 instr-

365 2769 471 2824 tuere.
490 2763 605 2830 Immo,
622 2764 709 2842 quod
723 2766 765 2824 ad
778 2764 1072 2827 confraternitates
1085 2764 1185 2825 latius
1209 2762 1325 2838 dictas,
1340 2761 1450 2822 solent

364 2843 523 2925 Episcopi
553 2848 603 2907 vel
627 2847 790 2908 Ordinum
815 2849 927 2927 capita
953 2851 1083 2927 amplas
1116 2847 1242 2908 habere
1268 2843 1451 2907 facultates

365 2927 562 3006 designandi
579 2929 680 2992 etiam
696 2936 819 2998 multos
836 2930 920 2992 alios
937 2931 992 3010 qui
1006 2931 1143 2990 valeant
1165 2948 1270 2990 novos
1287 2946 1452 3010 quaerere

365 3017 397 3069 et
415 3009 562 3088 recipere
579 3013 702 3075 socios.

182 3113 285 3172 Quinam
406 3113 435 3153 2.
456 3091 502 3152 De
523 3092 564 3154 iis
578 3094 632 3174 qui
647 3094 782 3177 cooptari
791 3099 930 3175 possunt.
947 3098 979 3174 a)
996 3095 1154 3177 Cooptari
1169 3092 1270 3155 uolent
1286 3099 1452 3173 quotquot

152 3174 309 3260 cropprrpos-
364 3173 478 3243 fideles
491 3176 668 3257 cupierint,
686 3179 714 3239 si
720 3183 779 3258 pro
798 3185 859 3239 toto
876 3179 945 3238 orbe
963 3187 997 3238 et
1011 3178 1044 3238 iu
1061 3183 1239 3259 perpetuum
1255 3183 1307 3236 est
1329 3177 1451 3237 sodali·

153 3235 215 3276 sant.
291 3329 293 3333 ,
365 3257 453 3318 cium
470 3260 705 3339 approbatum.
724 3260 758 3322 Si
776 3280 837 3342 pro
859 3261 981 3342 regione
997 3271 1140 3338 tantum,
1158 3257 1341 3338 requiritur
1358 3277 1448 3319 com-

364 3342 508 3406 moratio
535 3343 703 3404 candidati
727 3343 760 3405 in
783 3345 839 3405 illa
864 3343 1011 3424 regione.
1036 3347 1146 3423 Atque
1169 3363 1189 3404 a
1212 3341 1447 3428 coeptantibus

363 3422 521 3484 servandi
537 3427 637 3486 etiam
660 3434 739 3487 sunt
756 3426 944 3505 praestituti
969 3428 1063 3503 linea,
1078 3447 1110 3486 v.
1126 3446 1178 3508 gr.¹
1192 3443 1258 3486 non
1270 3420 1446 3483 exercendi

363 3505 560 3569 facultatem
584 3508 616 3571 in
640 3509 713 3568 loco
737 3507 792 3570 ubi
817 3510 904 3570 adsit
927 3511 1044 3572 domus
1057 3509 1274 3589 Regularium
1297 3504 1339 3565 ad
1362 3521 1446 3582 quos

364 3607 424 3668 per
441 3609 477 3651 se
493 3597 637 3670 spectat,
655 3599 721 3653 etc.

161 3681 308 3749 Quruuene-
405 3673 438 3749 b)
452 3673 541 3735 Nihil
548 3675 762 3755 perseobstat
775 3675 852 3753 quin
863 3673 1267 3755 cooptenturRegulares‚
1277 3677 1446 3732 annuente

148 3740 285 3798 guiardus?
363 3755 500 3835 proprio
517 3755 708 3837 Superiore,
726 3759 780 3817 vel
796 3758 927 3819 sodales
943 3757 1084 3818 alterius
1103 3755 1405 3817 confraternitatis.
1429 3831 1434 3841 Ι

173 3851 210 3896 De
221 3848 308 3896 aratus
406 3838 436 3914 c)
453 3836 615 3919 Cooptari
638 3847 810 3918 nequeunt
825 3839 929 3900 adulti
945 3841 992 3903 rei
1008 3857 1067 3899 uon
1089 3838 1211 3912 conscii,
1229 3838 1284 3898 vel
1299 3833 1443 3914 defuncti.

150 3921 307 4012 ciiicdis'de-
362 3917 400 3978 Iu
418 3919 539 3998 prioris
557 3924 748 4003 receptione
771 3930 864 4004 patet
880 3923 1063 3984 desiderari
1080 3920 1267 3981 essentialis
1284 3915 1443 3979 condicio.

146 4002 257 4084 sranius?
364 4001 516 4062 Alterum
530 4003 666 4065 omnino
681 4004 852 4068 firmatum
868 4014 919 4067 est
932 4007 1021 4068 decr.
1039 4003 1140 4068 Urbis
1156 4012 1190 4064 et
1202 4000 1301 4063 Orbis
1313 4020 1351 4080 25
1368 4017 1444 4080 aug.

367 4087 443 4160 1897
461 4089 494 4144 ct
514 4105 549 4146 ro
565 4104 643 4164 aug.
667 4092 741 4166 1899
758 4089 800 4147 ad
816 4093 845 4149 6.

168 4188 308 4248 Depum's?
405 4167 437 4245 d)
465 4167 639 4229 Puerorum
668 4170 839 4250 cooptatio
866 4189 932 4230 non
960 4169 1093 4230 videtur
1122 4166 1283 4244 invalida,
1316 4185 1391 4228 cum
1416 4165 1445 4227 id

363 4250 565 4330 respondeat
589 4253 738 4330 generali
765 4251 980 4313 oeconomiae
1007 4270 1124 4313 eorum
1147 4248 1441 4320 sanctificationis;

362 4351 420 4412 per
434 4351 469 4392 se
483 4341 596 4395 tamen
609 4353 676 4395 non
690 4335 833 4414 expedit,
848 4335 911 4396 nisi
928 4334 959 4395 id
972 4333 1058 4395 ferat
1075 4334 1231 4416 receptus
1247 4350 1328 4395 usus
1345 4329 1442 4391 alicu·

358 4415 414 4492 jus
432 4414 741 4492 Confraternitatis,
760 4435 794 4480 v.
811 4437 863 4497 gr.
882 4416 919 4480 S.
937 4415 1145 4498 ScapulariS.
