3148 5004
317 456 377 521 iili
605 479 673 514 rsus
689 477 812 526 quassa,
829 477 923 514 sacrro
939 478 959 515 1.
976 477 1067 513 cneus
1082 477 1113 512 111

99 610 132 658 si
144 609 263 678 'Novitiae
350 609 382 670 Si
396 629 465 668 vero
478 608 618 670 novitius.
631 610 717 669 fuerit
731 611 852 668 alterius
866 610 986 668 Ordinis
1004 611 1052 668 vel
1063 606 1214 688 professus
1226 606 1405 670 seculariza·

101 666 262 775 parignano
316 692 498 765 lausannae
512 697 656 768 petendae
678 705 749 752 sunt
771 695 809 751 ab
830 693 999 752 Ordinariis·
1019 695 1085 765 loci,
1110 712 1171 752 non
1194 712 1281 752 secus
1299 712 1335 752 ac
1354 712 1406 768 pro

316 780 408 837 laicis.
423 779 514 853 Resp.
529 796 545 854 5
560 798 629 836 nov.
648 780 727 854 1852.

102 882 262 950 Qelnsritulis
362 878 448 945 172.
476 880 636 958 Quaeres
658 877 695 940 dc
726 878 881 940 Instilnlis
915 876 1110 955 dioecesanis,
1138 885 1254 940 utrum
1283 897 1403 943 necne·

104 939 254 988 d¹⁰‘⁶‘⁵‘²⁷¹‘³·
318 967 500 1024 teneantur
516 963 579 1023 hac
595 963 668 1042 lege
683 960 733 1023 Pii
749 961 805 1022 1x?
1000 963 1002 968 '

315 1065 325 1075 ·
361 1042 421 1105 Cui
445 1043 597 1124 quaesito
619 1043 827 1106 arbitramur
850 1043 1120 1124 respondendum
1151 1061 1191 1103 ea
1222 1041 1404 1105 sanctioni·

319 1127 381 1188 bus
397 1125 469 1189 istis
496 1124 636 1206 positivis
665 1127 782 1188 stricte
811 1145 878 1187 non
908 1125 1061 1205 obligari.
1095 1123 1288 1218 Episcopali
1316 1124 1402 1188 enirn

319 1217 462 1272 utuntur
473 1209 566 1290 jure,
583 1229 658 1286 nec,
680 1209 881 1292 praesertim
894 1207 1138 1289 quinquaginta
1153 1209 1277 1270 abhinc
1294 1207 1400 1284 anniS,

320 1292 359 1354 de
382 1291 420 1353 iis
443 1291 639 1353 ferebantur
655 1311 797 1353 romana
823 1292 971 1353 decreta.
1004 1290 1252 1352 Confirmamur
1278 1288 1402 1352 recenti

237 1432 240 1436 ,
319 1373 358 1438 C.
386 1373 538 1437 Condilaa
566 1395 585 1436 a
615 1373 740 1437 Christo
767 1376 800 1436 in
825 1374 920 1454 cujus
947 1373 1156 1455 praefatione
1186 1374 1402 1435 dioecesanae

319 1456 585 1519 consociationes
600 1457 759 1519 dicuntur
776 1481 789 1511 a
802 1469 872 1518 una
888 1456 1068 1518 inductae..
1087 1463 1120 1518 et
1133 1455 1246 1536 vigere
1261 1453 1398 1516 Antisti·

320 1545 391 1601 turn
406 1558 582 1601 sacrorum
598 1539 803 1601 auctoritate
821 1565 850 1601 a.
867 1538 1170 1620 supervacaneum
1192 1547 1242 1600 est
1258 1555 1400 1598 comme-

320 1639 453 1683 morare
469 1623 658 1684 naturalem
670 1622 867 1703 prudentiae
882 1623 989 1702 legem
1002 1640 1087 1701 quae
1100 1627 1195 1682 vetat
1208 1641 1250 1683 ne
1265 1619 1405 1698 diligens
1457 1683 1459 1688 ,

320 1704 498 1766 omittatur
515 1703 699 1784 inquisitio,

521 1863 536 1952 i
563 1879 600 1936 2.
629 1857 684 1936 ln
710 1855 926 1936 lnsla'lnla‘s
951 1855 1208 1937 Manaalinrn

107 2045 269 2108 Exploranda
370 2033 456 2100 173.
483 2057 495 2098 1
534 2035 587 2097 Ex
613 2055 642 2098 c.
670 2056 706 2116 17
722 2035 760 2098 C.
784 2035 972 2098 Tridentini
995 2054 1023 2097 S.
1046 2054 1083 2115 25
1110 2031 1299 2116 DeRegnl.,
1321 2028 1408 2111 quod

109 2103 268 2225 sspffssssapfoab
324 2117 459 2200 respicit
489 2138 605 2180 omnes
634 2119 761 2200 puellas
791 2137 888 2198 quae,
920 2118 1064 2198 majores
1095 2117 1268 2179 duodecim
1294 2113 1407 2194 annis,

228 2199 233 2211 '
322 2202 476 2266 habitum
493 2201 861 2284 regularemsuscipere
874 2201 1055 2278 voluerint,
1067 2198 1247 2280 requiritur
1259 2203 1308 2273 ut,
1327 2201 1409 2256 ante

324 2283 571 2365 susceptionem
590 2283 726 2346 habitus
741 2294 775 2347 et
791 2283 910 2348 deinde
925 2291 1004 2344 ante
1020 2282 1273 2366 professionem,
1291 2296 1408 2340 earum

324 2371 483 2431 voluntas
505 2367 548 2428 ab
573 2367 753 2448 Episcopo,
775 2369 839 2443 vel,
863 2386 903 2430 eo
926 2366 1067 2428 absente
1090 2372 1149 2426 aut
1173 2362 1343 2444 impedit0‚
1366 2359 1410 2422 ab

325 2452 397 2532 ejus
412 2449 549 2510 Vicario
564 2456 622 2509 aut
638 2448 750 2528 aliquo
772 2469 888 2510 eorum
912 2448 1099 2531 sumptibus
1114 2449 1157 2508 ab
1173 2445 1220 2506 eis
1237 2445 1408 2526 deputato,

325 2535 519 2613 exploretur
540 2531 699 2591 voluntas
726 2533 856 2612 puellae
875 2551 947 2593 «an
970 2538 1100 2605 coacta,
1124 2549 1168 2591 an
1191 2529 1331 2590 seducta
1352 2524 1406 2600 sit,

326 2635 366 2676 an
385 2614 470 2675 sciat
486 2613 564 2692 quid
580 2621 659 2690 agat
678 2639 706 2676 ».
733 2614 846 2696 Quare
872 2613 1061 2695 Episcopus
1077 2612 1203 2673 certior
1219 2617 1270 2672 est
1286 2608 1406 2670 facien·

326 2698 388 2758 dus
418 2696 457 2756 de
487 2693 695 2776 professione
721 2696 809 2759 infra
836 2715 985 2759 mensem
1015 2701 1187 2770 secutura,
1215 2699 1248 2754 et
1278 2691 1409 2775 puellae

327 2779 485 2840 voluntas
511 2786 563 2839 est
586 2777 673 2840 infra
696 2779 884 2858 quindecim
908 2778 978 2840 dies
1002 2777 1204 2858 indaganda.
1227 2775 1410 2852 Utriusque

328 2861 501 2935 examinis,
519 2880 585 2921 non
602 2859 680 2923 item
693 2863 833 2925 alterius
849 2869 981 2923 tantum
1001 2860 1136 2922 omissio
1148 2856 1317 2940 judicatur
1332 2872 1412 2934 gra·

329 2944 379 3006 vis
394 2942 417 3005 ¹.
434 2943 563 3006 Neutra
579 2952 690 3005 tamen
705 2944 852 3006 infirmat
867 2942 1122 3025 professionem.

49 3095 50 3100 ,
140 3027 226 3074 Erum
249 3027 274 3073 in
369 3047 399 3088 2.
428 3024 466 3087 C.
500 3025 652 3088 Conditor
677 3047 696 3088 a
723 3025 858 3100 Christo,
892 3045 922 3087 c.
952 3047 965 3087 1
994 3044 1028 3086 n.
1057 3045 1086 3105 7,
1117 3045 1149 3088 c.
1175 3045 1193 3086 a
1220 3041 1253 3082 n.
1284 3043 1312 3096 1,
1339 3018 1413 3080 vult

112 3086 244 3190 ‘opima
328 3106 389 3170 SS.
407 3109 449 3170 D.
468 3109 539 3170 Leo
554 3109 614 3188 Pp.
638 3126 711 3187 x111,
729 3116 766 3170 ut
778 3109 848 3190 jam
866 3127 929 3170 usu
945 3115 1098 3184 venerat,
1123 3107 1209 3168 idem
1231 3101 1362 3164 servari
1378 3100 1412 3162 in

110 3199 264 3248 dioecesanis.
329 3189 655 3272 Congregationibus
666 3191 840 3272 religiosis,
851 3189 1091 3254 etiamsimere
1104 3185 1411 3250 sintdioecesanae.

134 3310 273 3372 Fideslap-
368 3296 399 3353 3.
425 3274 609 3336 Consuevit
632 3282 809 3357 praeterea
835 3275 949 3336 caveri
975 3281 1012 3335 ut
1035 3271 1245 3354 postulantes
1268 3267 1413 3359 afferant

110 3371 241 3427 usmaen.
326 3355 425 3420 fidem
453 3356 621 3439 baptismi,
652 3356 918 3418 confirmationis
955 3362 988 3417 et
1025 3374 1169 3417 morum.
1198 3350 1410 3427 Battandrer,

328 3439 430 3501 Gnade
444 3439 621 3519 canantque,
639 3446 704 3500 etc.
721 3460 755 3501 n.
772 3458 823 3519 59.
839 3441 919 3501 Aula
934 3458 1016 3499 conc.
1034 3437 1140 3499 Arnen.
1157 3433 1215 3498 fal.
1232 3455 1266 3496 n.
1285 3438 1356 3512 328.

557 3613 748 3660 narremus
770 3615 821 3662 111.
846 3599 886 3662 lle
910 3596 976 3678 ipsa
998 3595 1187 3661 admissione

325 3759 452 3822 suarez,
467 3755 506 3809 Da
519 3752 668 3822 Rcliplone,
682 3754 716 3808 tr.
729 3754 856 3819 7,l.3,c.9
869 3754 897 3808 el
910 3755 955 3817 10;
969 3753 1040 3808 elta
1051 3755 1075 3816 9,
1084 3753 1102 3806 l.
1114 3755 1137 3820 1,
1153 3767 1176 3805 e.
1187 3752 1234 3819 11,;
1247 3748 1419 3811 Passenni,

358 3832 397 3886 Da
409 3829 560 3885 Hominum
572 3828 706 3896 Stolidus,
732 3829 751 3882 l.
764 3831 787 3890 3,
799 3843 825 3896 p.
839 3829 962 3891 167-172;
975 3828 1271 3896 Scbmalaprueber,
1281 3823 1301 3876 l.
1317 3825 1341 3883 ὁ,
1354 3822 1373 3874 l.
1391 3823 1417 3885 3,

357 3919 385 3958 n.
398 3903 522 3966 193-202;
534 3904 729 3970 Pellizarr‘as,
744 3903 875 3960 Manuale
893 3903 1074 3971 Raaularium
1093 3901 1127 3954 tr.
1140 3902 1163 3963 2,
1177 3915 1200 3953 e.
1212 3900 1244 3964 2;
1257 3900 1296 3953 De
1308 3895 1418 3954 Mania-

360 3978 439 4040 la'bua
458 3991 480 4030 a.
499 3977 522 4040 2,
535 3989 557 4029 S.
577 3979 607 4040 13
620 3991 643 4029 o.
661 3977 684 4041 3,
701 3991 728 4030 11.
741 3978 817 4030 35el
829 3991 851 4030 s,
863 3977 896 4042 23
917 3975 1111 4037 'samarian
1129 3975 1169 4030 De
1183 3973 1249 4040 jura
1264 3971 1416 4038 Abbalum,

358 4053 378 4106 t.
390 4054 413 4112 3.
432 4052 457 4105 d.
475 4051 506 4114 6;
524 4053 681 4118 Rotarius,
706 4051 852 4118 Tleolonla
870 4051 987 4106 moralis
1005 4047 1197 4117 aenatorum,
1213 4048 1230 4100 l.
1243 4047 1267 4104 2.
1280 4061 1303 4098 e.
1316 4047 1340 4105 4,
1351 4059 1378 4112 p.
1394 4046 1418 4107 1,

358 4141 385 4181 n.
397 4128 474 4192 9-14;
485 4125 596 4188 Bonis,
608 4125 647 4179 De
655 4124 722 4192 jure
733 4127 922 4192 Rapulart'unn,
931 4125 950 4178 l.
958 4127 980 4178 1.
989 4139 1014 4192 p.
1023 4125 1047 4183 4,
1058 4137 1080 4176 o.
1090 4124 1117 4187 33
1127 4125 1205 4189 Pral,
1216 4120 1419 4177 Praelnclt'ones

355 4202 432 4269 juris
452 4199 625 4268 repululp.
637 4200 722 4263 48-49,
732 4200 817 4264 86-93,
835 4202 1008 4269 Anpelasa
1026 4199 1077 4254 SS.
1090 4199 1200 4264 corae,
1211 4194 1351 4257 Manuale,
1362 4193 1417 4254 etc,

355 4395 364 4429 1
376 4393 464 4440 Immo
476 4389 503 4438 in
515 4387 643 4449 pluribus
652 4384 810 4452 regionibus
821 4400 879 4434 mos
892 4385 1010 4434 invaluit
1030 4386 1113 4434 semel
1131 4387 1237 4432 tanturn
1257 4375 1415 4442 explorandi

326 4450 434 4510 puellae
445 4449 622 4497 voluntatem.
635 4445 691 4493 Cfr.
704 4446 775 4500 Prat,
788 4450 806 4492 t.
822 4461 845 4500 1,
857 4458 884 4504 p.
897 4451 935 4492 88.
