3148 5004
158 512 341 594 [201-202]
440 535 477 572 ns
491 533 627 578 Jurunrcrs
641 533 818 569 uovrrrosuu
834 532 1002 569 snrroursus
1186 511 1242 574 Μ

152 675 209 820 psci
224 680 379 740 materna
391 675 573 766 hereditas,
586 673 784 757 praesertim
800 673 889 755 quod
905 672 947 738 ad
962 672 1149 766 legitimam
1167 692 1245 756 por·
1293 684 1297 694 “

168 775 295 821 ionem.
930 798 934 805 ·
1230 779 1232 782 ’

147 910 149 917 .
190 855 239 919 De
252 862 340 920 bonis
351 880 479 937 quorum
494 879 575 919 mera
588 862 716 920 habetur
732 861 804 938 spes,
827 859 996 921 frustranea
1009 861 1127 918 videtur
1138 877 1250 918 renun-

153 945 245 1022 ciatio
258 947 345 1022 cujus
357 945 481 1005 effectus
492 945 626 1005 differtur
638 947 668 1003 in
683 947 811 1018 tempus
820 962 884 1018 quo
900 945 953 1021 jus
967 945 1088 1020 aliquod
1101 945 1154 1002 tibi
1167 963 1251 1002 com-

155 1048 265 1104 parare¹
274 1049 415 1105 nequeas.
430 1029 476 1088 Ita
496 1031 654 1100 Passerini,
669 1030 734 1087 loco
748 1030 848 1105 citato,
857 1024 895 1086 n.
910 1045 1045 1104 209-2113
1057 1030 1092 1088 C.
1103 1029 1140 1086 de
1151 1029 1247 1102 Lugo,

157 1108 298 1172 Caruilio
310 1108 451 1185 moralia,
466 1115 486 1172 l.
501 1131 529 1188 4,
543 1115 614 1188 dub.
630 1127 657 1188 5,
671 1131 691 1170 n
716 1129 745 1186 9.
761 1111 794 1169 ld
808 1107 981 1192 tamen'bou
991 1119 1036 1170 est
1049 1113 1138 1186 plane
1148 1114 1248 1187 explo-

149 1205 272 1256 ratum.
281 1193 341 1256 Cfr.
353 1197 387 1257 C.
398 1198 435 1256 de
445 1197 543 1273 Lugo,
554 1191 693 1256 Consilia
703 1191 836 1274 moralia
846 1196 951 1254 eodem
965 1193 1036 1253 dub.
1048 1207 1077 1253 et
1087 1197 1115 1254 d.
1123 1196 1249 1270 4.Sacra

159 1299 231 1338 vero
244 1281 441 1356 Congregatio
456 1300 516 1340 non
530 1282 646 1339 videtur
666 1299 728 1338 rem
753 1279 915 1359 diremisse.
934 1277 1061 1336 Decreto
1075 1278 1156 1336 enim
1170 1280 1250 1352 quod

160 1362 243 1420 solet·
259 1365 484 1422 communicare
505 1382 574 1421 cum
602 1362 764 1420 Ordinibus
794 1361 845 1435 qui
878 1363 973 1436 ipsam
1003 1361 1186 1432 interrogant
1215 1361 1252 1418 de

160 1447 304 1504 hodierno
328 1448 590 1505 renunciationum
604 1464 672 1516 usu,
684 1446 789 1504 statuit
812 1444 888 1503 «De
900 1445 1128 1503 renunciatione
1146 1462 1251 1502 eorum
1267 1497 1269 1501 .

158 1547 236 1604 quae
248 1531 470 1590 accidentaliter
482 1531 602 1590 evenire
614 1539 749 1605 possunt,
765 1530 796 1587 in
816 1530 942 1602 singulis
963 1529 1081 1586 casibus
1099 1546 1250 1586 recurren-

119 1651 122 1656 -
159 1613 231 1678 dum
252 1614 289 1671 ad
310 1614 390 1672 hanc
410 1615 532 1673 Sacram
554 1613 857 1688 congregationem»
885 1611 930 1669 lta
951 1612 984 1670 16
999 1622 1074 1686 sept.
1091 1612 1170 1687 1885.
1187 1610 1248 1670 Cfr.

158 1693 203 1758 N.
220 1695 261 1756 R.
279 1696 333 1759 Tu.
349 1711 370 1762 t.
386 1718 430 1772 22,
446 1719 476 1775 p.
491 1702 537 1760 28.
550 1717 596 1776 29.

200 1818 231 1876 3.
247 1797 425 1880 Deforme,
443 1800 515 1862 vult
531 1799 730 1864 Tridentina
743 1797 907 1880 synoduS,
923 1817 990 1879 quo
1007 1797 1115 1879 magis
1128 1816 1250 1860 consu·

160 1882 295 1943 sulatur
316 1880 462 1945 libertati
485 1881 614 1960 novitii,
637 1888 675 1944 ut
698 1881 868 1944 habeatur
891 1880 1015 1950 licentia
1034 1879 1180 1964 Episcopi
1196 1881 1250 1942 vel

158 1963 231 2044 ejus
252 1963 379 2028 Vicarii.
396 1964 585 2050 Episcopus
600 1963 734 2027 videtur
758 1983 833 2026 esse
849 1963 1050 2026 Ordinarius
1065 1963 1130 2026 loci
1152 1961 1247 2024 novi-

161 2046 278 2110 tiatus.
294 2046 365 2110 Cfr.
381 2048 468 2126 Piat,
480 2049 542 2112 l.c.
556 2067 589 2132 p.
605 2068 673 2128 127.
689 2047 912 2130 Quorundam
929 2045 1092 2110 Ordinum
1106 2063 1247 2108 consue-

162 2130 245 2191 tudo
258 2135 296 2190 ut
312 2130 399 2193 hanc
422 2130 591 2194 licentiam
613 2138 729 2212 petere
752 2129 923 2193 omittant.
945 2147 1064 2221 perse
1086 2126 1247 2189 sustineri

163 2218 286 2292 potest,
310 2211 489 2275 dummodo
507 2213 583 2275 talis
598 2213 642 2275 sit
664 2231 751 2293 quae
766 2211 881 2275 valeat
895 2211 1095 2275 Tridentino
1111 2209 1247 2272 decreto

163 2293 287 2374 aliquid
309 2295 485 2376 derogare.
509 2293 572 2359 Cui
600 2293 884 2358 consuetudinum
910 2293 1025 2374 generi
1052 2311 1130 2355 cum
1152 2291 1250 2353 valde

164 2384 352 2457 repugnent
375 2397 534 2442 romanae
557 2375 851 2458 congregationes,
876 2377 983 2440 tutius
998 2375 1062 2438 erit
1077 2375 1166 2437 hanc
1182 2373 1250 2437 for·

164 2476 253 2520 mam
269 2478 334 2522 non
351 2462 548 2543 praeterire.
566 2459 637 2524 Cfr.
655 2459 810 2522 Sanchez
826 2460 848 2523 l.
870 2480 896 2538 r,
914 2479 945 2523 c.
962 2477 992 2539 5,
1010 2479 1044 2522 n.
1062 2474 1113 2540 75.

203 2541 267 2602 Per
289 2561 319 2602 re
345 2542 547 2624 perspicitur
574 2541 866 2604 renunciationem
893 2561 933 2604 eo
960 2540 1147 2604 faciendam
1175 2558 1250 2602 esse
1327 2557 1329 2562 ·

161 2623 260 2686 modo
282 2643 349 2705 quo
368 2625 531 2707 juridicos
554 2625 717 2688 sortiatur
740 2624 880 2687 effectus
904 2630 938 2687 et
949 2623 1149 2768 professum
1169 2641 1249 2684 vere

157 2703 227 2766 suis
246 2706 381 2798 juribus
401 2707 512 2791 privet
536 2707 558 2771 ¹.
575 2708 651 2772 Non
668 2716 747 2769 raro
768 2714 883 2770 tamen
901 2707 946 2770 ho
972 2706 1001 2769 ie
1017 2705 1104 2769 civili
1119 2705 1248 2768 carebit

157 2785 205 2864 vi,
230 2807 302 2852 siv-e
324 2789 404 2871 quia
424 2789 457 2853 in
480 2789 608 2853 novitio
630 2789 779 2871 legitima
806 2789 1017 2853 desideretur
1043 2796 1149 2864 aetas,
1177 2787 1249 2850 sive

160 2871 240 2948 quia
255 2877 378 2952 agatur
401 2872 442 2935 de
464 2873 650 2936 hereditate
673 2872 800 2936 futura.
829 2872 920 2936 Satis
937 2878 1017 2935 tunc
1034 2879 1085 2934 est
1101 2870 1250 2951 qualibet

164 2953 328 3017 exteriore
351 2955 459 3017 forma
481 2955 672 3036 significare
688 2956 913 3036 voluntatem.
938 2953 1162 3019 Renunciatio
1183 2952 1249 3016 ista

166 3030 325 3124 obligabit
350 3037 601 3115 conscientiam,
629 3037 810 3116 statimque
839 3057 879 3099 ac
906 3037 979 3100 fieri
1007 3037 1142 3141 poterit,
1170 3044 1250 3099 actu

168 3114 258 3177 crvrli
273 3116 369 3180 firmo
394 3119 625 3184 renovabitur.
652 3121 706 3183 Ita
733 3121 791 3183 cit.
816 3121 906 3182 decr.
932 3119 968 3183 S.
993 3119 1101 3200 Long.
1125 3121 1198 3182 EE.
1217 3125 1251 3181 et

167 3195 242 3276 RR.
262 3203 299 3262 16
314 3207 398 3284 sept.
416 3208 507 3283 1885.

209 3278 350 3362 Quodsi
372 3281 511 3363 interea,
529 3283 631 3347 etiam
654 3288 729 3367 post
752 3282 1008 3364 professionem,
1027 3281 1169 3346 faciendi
1184 3282 1251 3344 sint

165 3369 263 3425 actus
279 3363 394 3429 civiles
417 3365 658 3447 acquisitionis,
677 3364 923 3448 dispositionis:
941 3365 1005 3443 nis,
1023 3385 1099 3428 cum
1116 3362 1251 3428 licentia

165 3444 387 3528 superiorum,
411 3469 479 3511 non
501 3449 699 3531 prohibetur
726 3447 909 3529 professuS,
944 3446 1029 3509 bene
1058 3466 1185 3528 gnarus
1216 3466 1262 3524 se,

165 3544 255 3590 mere
277 3531 489 3610 specietenus
512 3541 614 3612 agere
635 3529 818 3609 dominum.
842 3529 944 3592 Idex
970 3529 1087 3592 eodem
1114 3529 1251 3593 decreto

163 3606 402 3692 depromimus.

203 3715 234 3774 4.
259 3693 307 3778 Dc
327 3695 430 3773 modo,
453 3696 621 3777 integrum
646 3701 698 3758 est
724 3693 854 3757 novitio
880 3694 969 3757 bona
996 3693 1061 3756 ista
1086 3693 1251 3778 deputare

162 3771 317 3854 familiae,
336 3779 554 3855 monasterio,
571 3777 646 3861 piae
662 3797 797 3855 causae,
815 3776 985 3857 suffragiis
1001 3780 1076 3858 post
1093 3783 1249 3841 mortem.

157 3920 160 3926 ,
205 3875 235 3936 5.
251 3856 430 3939 Deeffectu.
449 3861 619 3942 Legitime
641 3861 732 3924 facta
754 3859 965 3923 renunciatio
991 3879 1059 3921 non
1080 3864 1192 3942 potest
1208 3859 1250 3920 ad

164 3939 280 4002 novitii
294 3941 474 4006 arbitrium
499 3952 578 4006 ante
602 3943 846 4025 professionem
874 3941 1028 4005 revocari
1043 3942 1067 4020 ²,
1098 3941 1160 4004 etsi
1183 3961 1250 4003 non

164 4021 382 4086 confirmetur
395 4025 542 4108 perfecte
558 4025 621 4088 nisi
634 4044 694 4109 per
710 4032 862 4088 secutam
879 4023 1133 4108 professionem,
1151 4023 1251 4086 immo

164 4112 303 4167 corruat
318 4125 548 4190 quaecumque
568 4127 671 4170 causa
687 4107 832 4172 obfuerit
848 4105 1061 4190 professioni.
1080 4106 1252 4169 Schmalz·

194 4359 336 4410 lVidetur
357 4367 449 4412 nmen
470 4365 561 4415 valere
585 4363 713 4414 condicio
733 4363 898 4414 resolutoria
920 4364 971 4412 nisi
993 4362 1094 4422 legitime
1116 4359 1254 4420 egrediare

163 4422 316 4469 monastuio.
333 4419 390 4473 Cir.
407 4436 435 4471 n.
452 4430 542 4486 204,3.
1157 4455 1158 4460 ,

190 4491 201 4528 Ξ
211 4488 273 4539 Nisi
284 4489 385 4541 diserte
394 4490 448 4541 sibi
459 4492 494 4542 de
504 4493 556 4544 hoc
562 4491 625 4552 jure
639 4490 759 4541 caverit.
808 4505 809 4508 ¹
