3142 5004
295 385 355 446 198
656 405 722 440 enas
738 406 859 454 Qunam.
877 407 972 442 suerio
988 409 1016 443 iv

81 624 84 628 ,
294 544 505 611 sermofitde
518 543 826 607 dimittendosodali
836 544 1116 628 Congregationis
1129 569 1245 631 presse
1260 551 1385 616 dictae.

113 641 240 700 slspmsto
337 631 425 696 336.
443 628 487 692 Ut
514 647 603 688 nunc
629 628 744 709 paucis
768 648 974 709 exponamus
1001 651 1123 694 novam
1147 633 1236 695 illam
1264 636 1385 714 legem,

81 705 240 808 iiiiitsiim
295 713 383 795 quod
413 709 455 772 ad
485 711 741 788 expulsionem,
774 711 855 773 nibil
886 719 1017 775 mutata
1053 714 1228 796 ejectionis
1261 715 1383 796 forino,

189 792 194 803 '
295 794 476 873 ampliatur
486 792 651 873 suspensae,
666 794 763 855 modo
775 814 809 856 n.
821 811 897 873 333,
907 817 937 871 a,
951 797 1128 879 explicata,
1142 797 1180 870 C.
1192 799 1384 880 Apostolicac

296 879 395 946 Sedis,
407 874 495 956 quod
507 876 548 936 ad
562 876 685 956 eosqui
700 875 732 938 in
745 879 851 938 sacris
864 878 1112 942 ordinibussint
1125 881 1314 944 constituti.
1327 883 1382 945 Sic

295 962 399 1038 enim;
417 964 515 1021 sonat
534 979 567 1020 n.
584 975 620 1019 tv
634 958 797 1026 «Aluum
818 965 956 1022 votorum
967 961 1170 1032 sollemnium,
1186 965 1239 1025 vel
1253 965 1379 1046 simpli·

296 1047 382 1108 cium
410 1049 649 1122 perpetuorum
665 1043 719 1103 vel
733 1044 981 1122 temporalium,
1006 1044 1039 1106 in
1057 1045 1170 1108 Sacris
1195 1046 1377 1110 Ordinibus

296 1123 482 1200 constituti,
500 1123 555 1202 qui
570 1125 698 1207 expulsi
721 1125 773 1184 vel
794 1125 920 1188 dimissi
936 1127 1072 1206 fuerint,
1084 1134 1227 1212 perpetuo
1242 1130 1378 1212 suspensi

295 1215 476 1283 maneant3
502 1208 606 1268 donec
623 1226 643 1268 a
659 1206 693 1270 S.
711 1206 788 1268 Sede
813 1207 876 1269 clio
901 1209 992 1272 nzodo
1015 1211 1062 1273 eis
1089 1214 1309 1287 consulatur;
1338 1234 1377 1275 ae

291 1298 446 1375 praetcrea
469 1288 654 1370 Episcopum
680 1289 877 1352 benevolum
906 1300 1114 1374 receptorem
1139 1294 1318 1374 invenerint,
1343 1302 1377 1358 et

297 1376 336 1438 de
362 1373 558 1436 ecclesiastico
578 1371 767 1452 patrimonio
790 1373 852 1434 sibi
878 1376 1131 1455 providerint.»
1157 1379 1207 1439 De
1224 1398 1289 1458 qua
1306 1399 1378 1440 sus-

296 1457 468 1542 pensione,
486 1457 570 1518 baec
587 1455 727 1516 dicenda
743 1454 926 1518 videntur:
1273 1504 1279 1508 -
1314 1475 1316 1481 ·

338 1543 370 1619 a)
386 1541 461 1602 Non
477 1543 527 1599 est
543 1555 668 1598 consina
684 1538 816 1620 proprie
843 1539 931 1618 talis,
959 1559 1034 1602 cum
1060 1541 1102 1603 sit
1118 1547 1293 1624 perpetua,
1320 1543 1378 1605 sed

297 1631 348 1685 est
364 1641 484 1704 poena.

338 1705 372 1787 b)
387 1706 520 1767 Poenae
536 1710 649 1765 autem
663 1703 750 1764 illius
764 1704 1030 1768 moderationem
1045 1705 1181 1768 omnino
1194 1707 1256 1771 sibi
1269 1728 1380 1770 reser-

296 1796 354 1849 vat
377 1788 412 1850 S.
441 1786 557 1866 Sedes,
585 1785 627 1848 ob
653 1787 783 1848 verba:
812 1786 905 1849 donec
931 1786 994 1850 alio
1016 1789 1106 1851 niodo
1134 1790 1205 1854 aS.
1223 1791 1309 1854 Sede
1332 1792 1381 1854 eis

297 1871 507 1933 consulatur.

338 1957 369 2031 c)
386 1956 495 2034 Atque
521 1951 622 2014 etiam
648 1952 787 2013 obtenta
809 1953 919 2030 gratia
937 1953 973 2016 S.
992 1953 1098 2032 Sedis,
1117 1955 1292 2036 suspensio
1308 1959 1376 2018 non

296 2036 449 2098 aufertur
479 2034 542 2097 nisi
572 2039 729 2116 praetcrea
759 2035 893 2116 utrique
920 2034 1106 2098 condicioni
1137 2039 1374 2116 satisfecerint,

296 2118 485 2184 inveniendi
497 2117 700 2200 Episcopum
716 2126 925 2200 receptorem
945 2128 978 2179 et
996 2120 1261 2183 ecclesiasticum
1276 2123 1379 2202 patri·

296 2205 444 2266 monium
463 2203 527 2279 (De
543 2202 607 2263 hoc
620 2200 680 2263 cfr.
695 2202 821 2280 statim,
834 2216 910 2280 337,
925 2205 968 2279 a).
984 2201 1051 2264 Cir.
1068 2202 1102 2264 S.
1119 2202 1157 2266 C.
1171 2205 1243 2267 EE.
1259 2215 1292 2266 et
1306 2205 1377 2266 RR.

297 2309 336 2350 20
351 2289 438 2350 Nor.
459 2291 546 2364 1895.
565 2284 605 2346 A.
623 2283 657 2345 S.
673 2283 707 2346 S.
725 2291 749 2345 t.
768 2291 819 2361 28,
838 2305 869 2365 p.
884 2289 955 2362 560.

338 2371 370 2448 d)
387 2371 490 2430 Poena
508 2386 583 2428 cum
598 2366 641 2427 sit
657 2386 748 2446 caque
760 2367 958 2448 grauissima,
977 2386 1043 2428 non
1061 2368 1285 2432 committitur
1308 2368 1379 2430 sine

297 2452 384 2533 culpo
399 2456 521 2511 externo
538 2467 644 2527 eaque
664 2450 756 2529 gravi
781 2458 815 2511 et
837 2449 911 2532 nisi,
936 2451 1024 2530 quod
1047 2452 1237 2531 postulatur
1252 2471 1292 2512 ex
1303 2451 1379 2532 jure

297 2531 465 2596 communi
495 2531 535 2592 ad
565 2531 762 2611 ejectionem
786 2532 938 2613 professi,
967 2533 994 2595 is
1019 2532 1118 2596 fuerit
1147 2532 1379 2616 incorrigibilis

297 2615 466 2680 Redibunt
492 2631 573 2692 ergo
596 2612 685 2673 dicta
700 2633 733 2675 n.
749 2631 814 2692 333
831 2615 871 2677 de
887 2633 926 2676 eo
943 2617 997 2695 qui
1014 2614 1136 2697 injuste
1152 2616 1250 2679 fuerit
1266 2616 1380 2697 expul-

297 2719 355 2761 sus
380 2699 434 2759 vel
450 2696 521 2758 sine
537 2695 743 2757 conscientia
759 2698 834 2758 talis
851 2707 977 2759 reatus.

105 2784 242 2854 Novanius
338 2781 426 2846 337.
455 2779 506 2841 De
535 2779 740 2839 dimissione
769 2786 927 2842 autema
953 2780 1197 2864 Congrcgationc
1223 2780 1379 2865 religiosa,

83 2845 232 2891 ‘s'’'¹‘⁵⁵¹⁰'¹¹⁸
296 2864 387 2944 leges
403 2867 601 2923 statuuntur
618 2880 736 2922 novae.
754 2862 913 2926 Etenim:

113 2955 221 3009 Clariae,
342 2969 368 3007 1.
385 2947 435 3007 Dc
449 2942 627 3006 dirrtcsslonc
642 2949 746 3005 coacto
761 2967 771 3005 .·

338 3032 371 3105 a)
387 3026 520 3090 Alumni
543 3027 690 3106 quisunt
705 3027 738 3088 in
753 3028 849 3090 succis
867 3030 919 3092 vel
933 3029 988 3109 qui
1012 3037 1092 3093 vota
1114 3031 1299 3096 emiserunt
1309 3039 1380 3116 per-

291 3111 417 3195 petuast
445 3110 564 3173 dimitti
586 3117 756 3190 nequeunt
779 3111 882 3189 inulti,
910 3112 973 3174 nisi
996 3117 1028 3192 α)
1055 3115 1121 3193 Ipsi
1149 3117 1379 3179 commiserint

298 3197 429 3275 culpam
446 3213 596 3274 gravem,
610 3201 784 3255 externam
801 3202 834 3256 et
847 3195 1013 3276 publicam
1029 3218 1036 3272 ;
1055 3193 1088 3278 p)
1113 3198 1253 3260 Fuerint
1270 3199 1379 3261 incor-

263 3329 266 3336 ,
297 3279 466 3358 r-igibiles;
494 3279 524 3364 y)
540 3277 585 3338 Et
607 3275 750 3338 servatis
777 3277 1057 3341 sollemnitatibus
1085 3299 1170 3360 quae
1197 3282 1379 3343 Ordinibus

297 3360 567 3442 praestituuntur
590 3362 677 3438 quod
704 3359 745 3420 ad
768 3359 937 3441 professos
954 3367 1110 3424 votorum
1127 3363 1338 3426 sollemnium
1355 3365 1380 3426 ².

297 3445 391 3526 Quae
421 3444 449 3505 si
478 3442 606 3503 servari
637 3449 817 3520 nequeant,
849 3443 1002 3504 adeunda
1033 3452 1083 3507 est
1115 3446 1222 3508 Sacra
1254 3447 1379 3527 Congr.

296 3527 541 3609 Episcoporum
558 3530 591 3584 et
607 3523 824 3603 Regularium
838 3527 892 3587 vel
907 3525 1015 3607 Super
1028 3527 1201 3611 disciplina
1220 3528 1379 3610 regulari,

297 3616 334 3670 ut
350 3608 431 3669 satis
448 3605 491 3668 sit
515 3612 628 3667 tenere
645 3606 835 3669 breviorem
849 3616 883 3671 et
907 3610 1169 3674 commodiorem
1186 3611 1276 3674 viam
1294 3631 1381 3693 quae

297 3690 419 3753 dicitur
428 3694 586 3771 processus
599 3689 759 3751 canrcrclis
773 3689 795 3751 ³.

295 3865 614 3878 ——-.——---.

326 3971 332 4002 ¹
349 3963 493 4014 Neminem
509 3963 556 4023 qui
574 3964 685 4023 perpetuis
701 3963 829 4010 astrictus
847 3963 881 4010 sit
892 3962 972 4019 votiS,
986 3963 1069 4012 etiam
1086 3965 1108 4012 si
1121 3964 1208 4012 laicus
1224 3965 1267 4020 sit,
1280 3963 1381 4013 dimitti

296 4038 375 4084 posse
395 4021 447 4070 nisi
469 4021 511 4069 his
536 4021 766 4069 sollemnitatibus
787 4022 911 4078 servatis,
935 4023 1008 4070 clare
1029 4029 1136 4070 constat
1158 4038 1190 4069 cx
1212 4023 1330 4080 decret0,
1355 4030 1382 4071 et

295 4095 455 4141 responsum
466 4087 506 4126 est
517 4076 554 4127 ab
568 4081 594 4128 S.
610 4082 640 4127 C.
663 4082 719 4126 EE.
738 4087 763 4126 et
775 4081 836 4127 RR.
854 4101 866 4135 4
881 4080 930 4138 jul.
954 4089 1017 4144 1398.
1035 4082 1069 4144 N.
1092 4082 1122 4127 R.
1144 4082 1191 4144 Tlr.
1206 4087 1224 4127 t.
1238 4089 1274 4136 30,
1288 4095 1314 4138 p.
1327 4089 1379 4137 647.

298 4143 413 4188 Decreto
425 4138 476 4185 isto
488 4138 570 4197 igitur
581 4138 660 4185 valde
672 4138 824 4184 detractum
839 4147 878 4184 est
888 4138 921 4184 de
931 4141 1075 4198 privnegio
1086 4139 1242 4186 dimittendi
1256 4140 1381 4186 alumnos

296 4201 392 4253 invitos,
406 4197 479 4256 qnod
491 4197 582 4254 plures
593 4195 772 4254 impetrarant
784 4198 1022 4256 congregationes.

324 4274 335 4307 ‘2
351 4270 450 4316 Forma
468 4266 520 4314 ista
539 4265 704 4314 describitur
722 4265 750 4312 in
770 4268 896 4314 Decreto.
921 4268 961 4314 De
982 4265 1100 4314 carceris
1119 4265 1284 4326 probatione
1301 4255 1395 4327 plane'

296 4333 409 4377 tacetur.
420 4324 586 4372 Conceditur
596 4324 745 4383 appellatio
755 4325 790 4371 ad
802 4326 828 4373 S.
841 4326 871 4372 C.
886 4327 941 4372 EE.
955 4330 980 4371 et
993 4325 1054 4372 RR.

325 4397 335 4430 ³
345 4394 386 4442 De
397 4390 449 4440 hac
460 4391 508 4438 cfr.
522 4391 665 4450 Nervegna
675 4404 703 4449 p.
718 4407 767 4448 199,
781 4391 823 4438 vel
833 4390 997 4438 documenta
1007 4390 1034 4439 in
1044 4392 1130 4439 altero
1140 4395 1221 4440 torn0.
