3142 5004
164 489 348 572 [323-326]
513 505 548 540 ns
564 503 690 540 mscnssu
708 501 914 538 nnttorosonum
1190 478 1248 556 189

191 647 230 701 De
243 645 309 713 iure
327 641 516 711 Repnlnrium
538 641 557 694 t.
578 641 601 703 2,
623 653 648 707 p.
669 640 692 702 6,
714 653 736 690 s.
756 641 780 702 3,
802 653 824 691 c.
847 640 897 701 1-3,
913 652 943 714 p.
963 626 1085 701 cst-tim
1106 649 1128 688 s
1149 637 1173 698 4,
1190 651 1212 690 o.
1225 636 1249 697 4,

189 737 215 790 p.
227 721 356 784 517.518;
368 721 471 784 idolol,
489 719 528 774 De
546 717 706 780 Ordinibus,
720 717 782 782 eto,
793 730 821 770 n.
841 718 896 771 101.
916 715 1055 779 102.124;
1076 716 1152 780 Pial,
1164 716 1249 772 Proe-

189 801 317 856 lnctionrs
331 797 392 866 jar.
409 813 473 865 rep,
489 810 509 860 r,
527 810 552 863 p.
572 795 698 860 tlt-tw
716 797 857 865 Angelus
869 809 887 850 a
898 797 950 851 SS.
964 795 1073 860 Corde,
1082 793 1222 858 Manuale,
1232 804 1250 857 1,

99 885 105 892 “
189 894 216 947 p.
231 879 356 942 rso-1973
376 879 420 932 De
440 877 579 946 Amyclis,
600 874 810 938 Praelecttortos,
829 874 890 937 eto,
911 885 939 936 11,
956 887 982 940 p.
1006 873 1250 938 183;Pa1miem',

191 960 264 1028 opus
278 957 470 1026 theotonicum,
483 956 517 1010 tr.
537 957 561 1018 9,
584 969 606 1008 o.
630 956 652 1016 1,
672 968 699 1008 11.
712 954 778 1018 2613
799 954 896 1016 Santi,
913 952 1123 1018 Proelectiones,
1141 952 1202 1018 ete,
1220 951 1250 1006 in

191 1038 209 1092 l.
227 1040 250 1102 3,
263 1037 282 1090 t.
294 1038 335 1102 35,
346 1050 374 1090 n.
388 1037 426 1090 15.
440 1037 487 1100 16;
500 1037 677 1118 Nervepna,
690 1033 730 1088 Dr
738 1033 805 1100 iure
814 1032 954 1102 practico,
966 1046 993 1100 p.
1007 1032 1123 1086 tot-192.

203 1181 291 1245 324.
309 1180 335 1241 Ι.
361 1182 496 1257 Elapso
519 1178 637 1256 spatio
662 1176 704 1239 ad
720 1175 808 1257 quod
824 1175 914 1237 facta
930 1179 981 1238 est
997 1172 1172 1257 professio,
1190 1194 1250 1258 per
1331 1186 1428 1253 Perse,

162 1282 280 1325 senon
297 1262 406 1324 minus
423 1260 483 1323 tali
497 1261 654 1341 religioso
671 1277 771 1340 quam
785 1257 913 1322 novitio
929 1257 979 1320 fas
996 1263 1047 1320 est
1063 1277 1082 1319 a
1099 1257 1248 1340 Congre·
1302 1243 1462 1361 §Zoippum

163 1344 299 1428 gatione
315 1344 498 1408 discedere.
567 1411 570 1417 ,
1246 1372 1249 1376 ·
1302 1338 1424 1408 disiectare.
1554 1352 1557 1357 '

203 1429 333 1491 Recens
358 1433 480 1494 tamen,
507 1427 654 1490 Decreto
677 1425 785 1488 Auctis
807 1421 986 1500 admodum,
1011 1446 1031 1505 4
1054 1443 1131 1488 nov.
1157 1429 1246 1504 1892,
1316 1443 1363 1496 Jus
1378 1443 1464 1510 specta

163 1511 353 1573 detractum
369 1517 420 1572 est
443 1510 483 1571 de
499 1508 555 1572 illa
578 1507 852 1588 facultatequod
875 1506 917 1568 ad
933 1507 1105 1570 alumnum
1121 1507 1177 1588 qui
1205 1507 1248 1569 sit
1303 1499 1409 1604 ²“”,⁷¹⁴·'”
1423 1514 1463 1559 qui

160 1593 193 1656 br
214 1593 322 1656 sacris.
339 1593 473 1655 Etenim
490 1591 540 1652 vis
563 1590 659 1653 istius
682 1589 820 1656 Decreti
843 1589 908 1651 huc
932 1595 1076 1672 spectat,
1101 1597 1137 1652 ut
1161 1588 1250 1652 Con·
1302 1573 1360 1665 {iis
1377 1572 1403 1606 ‘²'
1423 1571 1462 1618 ἀ’

162 1675 315 1756 gregatio
332 1674 364 1736 in
388 1694 488 1756 quam
512 1678 716 1755 cooptantur
739 1671 886 1754 religiosi
908 1671 951 1734 sit
974 1671 1064 1753 ipsis,
1083 1677 1250 1752 quatenus·

161 1769 240 1821 sunt
274 1757 397 1836 clerici,
433 1758 508 1820 loco
538 1755 723 1820 Dioecesis.
748 1755 878 1836 Itaque,
902 1754 991 1817 sicut
1023 1754 1118 1819 nefas
1149 1753 1250 1818 fuerit

163 1841 285 1903 clerico
303 1841 334 1903 in
352 1839 466 1904 Sacris
483 1840 639 1902 deserere
662 1839 831 1920 propriam
857 1835 1036 1900 dioecesim
1059 1837 1123 1902 nisi
1145 1838 1250 1902 ascri·

162 1924 262 1987 batur
289 1924 398 2002 alteri,
427 1921 500 2005 pari
523 1922 622 1986 modo
646 1927 812 1986 statutum
836 1926 888 1982 est
910 1919 1107 2002 simpliciter
1122 1921 1249 2004 proies-

162 2026 229 2086 sos,
248 2026 313 2088 qua
329 2007 461 2069 demum
478 2025 620 2086 cumque
637 2024 741 2068 causa
753 2002 888 2067 desierit
902 2010 1061 2066 votorum
1076 2003 1248 2084 obligatio,

162 2110 229 2152 non
250 2109 360 2173 posse,
385 2090 412 2152 si
436 2089 561 2150 luerint
583 2087 750 2165 insaniis,
775 2106 793 2149 e
819 2085 976 2148 claustris
993 2085 1163 2149 discedere
1186 2086 1250 2153 nisi

163 2173 255 2254 prius
281 2171 520 2253 «Episcopum
537 2171 738 2232 benevolum
763 2175 972 2250 receptorem
999 2167 1189 2232 invenerint
1206 2175 1250 2230 'et

164 2256 205 2316 de
233 2253 462 2316 ecclesiastico
489 2252 692 2334 patrimonio
718 2253 780 2317 sibi
807 2251 1069 2333 providerint».
1099 2251 1195 2335 Quod
1222 2251 1250 2312 si

164 2355 263 2398 secus
279 2335 433 2414 exierint,
451 2335 606 2416 suspensi
626 2341 763 2398 manent
779 2335 822 2396 ab
838 2333 999 2397 exercitio
1015 2341 1249 2418 susceptorum

164 2417 329 2481 ordinum.
347 2416 417 2481 Cir.
442 2426 567 2495 tamen,
585 2417 684 2495 inira,
702 2438 736 2481 n.
752 2433 862 2500 μμ
888 2423 922 2480 et
947 2431 1011 2495 337
1028 2435 1101 2498 sqq.
1128 2417 1250 2481 horum

163 2499 439 2580 declarationem,
458 2500 511 2563 vel
528 2507 809 2584 temperamenta.

197 2597 285 2654 325.
314 2599 490 2667 QuaereS,
514 2607 615 2652 utrum
641 2595 727 2651 liceat
745 2592 842 2652 facere
865 2603 935 2652 vota
955 2594 1001 2650 ad
1026 2594 1129 2668 diem,
1151 2594 1178 2653 ei
1200 2594 1250 2670 qui
1333 2614 1390 2662 Non
1412 2612 1464 2661 pm

158 2677 296 2735 animum
311 2679 401 2736 habet
412 2678 582 2737 discedendi
598 2678 700 2751 elapso
714 2677 872 2756 tempore?
1302 2671 1378 2732 sacen
1409 2677 1462 2776 ΞΜ

193 2761 229 2819 R.
245 2759 279 2818 Id
293 2779 344 2835 per
355 2780 386 2819 se
397 2779 458 2819 non
472 2763 569 2833 licere,
582 2763 639 2819 nisi
652 2762 793 2836 Superior
802 2762 838 2821 de
852 2763 909 2820 hac
919 2762 1085 2820 intentione
1095 2763 1133 2822 sit
1145 2763 1252 2822 certior
1288 2789 1289 2792 ¹
1305 2735 1463 2836 iffssiiw

158 2844 263 2902 factus.
276 2845 339 2902 Etsi
354 2847 435 2904 enim
456 2847 596 2919 obligatio
609 2846 646 2903 ad
661 2864 772 2919 paucos
785 2847 969 2906 contrahitur
979 2864 1084 2917 annos,
1106 2844 1251 2921 nequead
1305 2843 1445 2895 discedendi.

159 2930 215 2985 ista
227 2938 296 2986 vota
308 2948 404 3002 neque
419 2931 456 2987 ad
476 2931 603 3004 primam
625 2931 746 3004 quidem
768 2931 972 3004 probationem
992 2932 1189 2990 existimanda
1208 2942 1252 2992 est

160 3013 358 3085 Congregatio
384 3014 540 3072 admittere
566 3015 641 3072 velle
664 3016 721 3072 nisi
748 3032 800 3072 eos
827 3015 935 3088 quibus
955 3015 1138 3088 propositum
1158 3017 1251 3076 estin

162 3093 301 3152 instituto
328 3113 513 3168 permanere.
533 3097 725 3170 Temporalia
744 3096 821 3156 fiunt
840 3107 909 3154 vota
932 3099 970 3155 ad
990 3099 1195 3171 probationem
1222 3109 1252 3157 et

162 3178 193 3234 in
213 3177 392 3250 praesidium
413 3177 588 3252 fragilitatis,
618 3198 679 3237 non
705 3191 806 3237 autem
823 3190 855 3236 ut
874 3181 990 3238 sodales
1016 3182 1097 3240 brevi
1124 3182 1252 3256 hospitio

163 3264 261 3335 potius
284 3279 376 3336 quarn
394 3274 536 3337 perpetua
550 3264 641 3322 domo
654 3265 812 3322 videantur
826 3266 946 3336 recepti.

198 3347 353 3405 Praeterea
364 3348 528 3421 periculum
541 3365 604 3406 esse
616 3348 692 3406 solet
706 3366 744 3407 ne
755 3347 821 3405 aliis
834 3357 940 3406 noceat
954 3351 1138 3409 conversatio
1149 3367 1252 3412 eorum

161 3432 270 3506 quibus
283 3433 429 3490 inanimo
442 3433 624 3491 destinatum
638 3442 681 3492 est
691 3442 823 3507 repetere
834 3433 979 3492 seculum.
992 3433 1039 3492 De
1052 3435 1088 3492 iis
1097 3435 1179 3494 enim
1191 3453 1253 3494 non

159 3517 279 3590 agimus
291 3517 343 3591 qui
359 3535 440 3575 mere
456 3517 588 3592 cogitant
603 3519 730 3576 transire
745 3518 783 3576 ad
798 3517 957 3594 perfectius
971 3516 1156 3578 institutum.

196 3602 363 3676 Benignius
382 3611 486 3661 tamen
500 3603 669 3676 responderi
685 3622 771 3678 posse
786 3615 929 3678 putamus
952 3613 981 3662 et
994 3605 1144 3678 praesumi
1165 3603 1253 3662 Insti-

159 3687 215 3743 tuti
231 3703 384 3759 assertum,
401 3687 426 3743 si
439 3687 603 3745 constiterit
615 3687 758 3761 aliquem,
773 3687 987 3761 permanendo,
1004 3688 1078 3747 nulli
1092 3686 1152 3746 fore
1166 3688 1252 3746 oneri
1314 3732 1467 3794 mmmm

161 3770 210 3828 vel
223 3771 347 3828 damnO.
1307 3806 1323 3840 a
1338 3793 1466 3856 volts'pro·

201 3869 290 3933 326.
308 3867 350 3930 II.
369 3869 465 3952 Quod
489 3868 531 3931 ad
546 3874 704 3932 votorum
721 3872 1039 3952 dispensationem,
1061 3892 1087 3934 1.
1106 3870 1135 3933 A
1161 3869 1251 3933 votis
1302 3849 1440 3966 ζ’,ᾗζ-ἑξξζῇ,

158 3949 289 4012 emissis
306 3951 339 4012 in
356 3950 524 4014 Ordinibus
538 3952 751 4033 regularibus
774 3961 807 4014 et
823 3973 907 4032 quae
924 3955 1094 4037 pertinent
1111 3952 1153 4014 ad
1170 3972 1251 4034 pro·
1336 3989 1368 4036 ln
1393 3985 1467 4036 ordi·

158 4032 336 4094 sessionem
348 4034 542 4096 sollemnem
555 4037 609 4096 vel
625 4033 819 4116 simplicem,
836 4035 991 4116 dispensat
1004 4035 1071 4102 sola
1089 4035 1123 4098 S.
1140 4035 1247 4100 Sedes,
1307 4048 1385 4105 nibus,

202 4133 232 4176 2.
260 4115 355 4178 Haec
379 4116 479 4180 etiam
509 4117 571 4181 sibi
594 4122 747 4180 reservat
775 4123 857 4180 vota
879 4117 1138 4202 Congregatr'om's
1160 4116 1248 4200 juris
1321 4154 1466 4212 tneongre·

153 4195 308 4280 pontificii
324 4197 347 4264 ¹.
1301 4215 1398 4282 gqrrom
1410 4210 1466 4260 retr·-

1301 4283 1383 4332 groco,

102 4411 112 4418 '
187 4407 238 4455 lC.
252 4405 391 4454 Gondiroea
403 4406 507 4457 Christo,
520 4418 544 4454 c.
555 4423 577 4462 2,
590 4418 617 4453 n.
632 4421 641 4451 1
653 4416 659 4460 ;
671 4405 734 4452 Arta
744 4403 815 4452 Com.
829 4404 952 4451 Amerime
963 4401 1061 4463 latinae,
1072 4419 1099 4454 n.
1114 4411 1164 4454 330.

13 4546 21 4572 Ι
186 4479 197 4515 ²
211 4479 242 4528 C.
254 4476 396 4527 Conditaeo
409 4477 516 4535 Christo,
530 4490 554 4526 c.
569 4492 590 4535 1,
603 4489 630 4526 n.
643 4487 702 4524 v1r1.
