3142 5004
187 458 371 539 [334·335]
552 482 589 517 nn
604 481 729 518 nrscassu
745 481 952 519 nunrcrosonuu
1217 457 1274 520 197
1319 495 1324 506 2

184 590 429 674 Episcoporum
445 592 628 655 Borussiae
644 591 922 672 conquerentium
938 591 978 653 de
1003 589 1158 652 molestia
1173 608 1274 671 quam

183 673 263 756 ipsis
289 675 516 756 aspergebant
545 675 693 756 religiosi
712 674 819 738 sacris
845 673 1017 738 ordinibus
1045 671 1147 752 aucti,
1176 692 1271 754 quos,

183 756 339 820 dimissos
375 777 395 819 a
424 777 486 820 suo
515 757 687 835 Instituto,
720 757 782 840 ipsi
816 757 849 819 in
883 756 1118 819 dioecesanum
1147 757 1273 819 clerum

183 845 342 922 cooptare
355 841 574 920 cogebantur,
588 843 659 904 sine
671 860 729 922 spe
741 839 882 921 alicujus
895 839 984 902 utilis
997 857 1131 921 operae,
1148 864 1161 894 «
1173 839 1270 921 Quia,

185 922 232 987 ita
243 922 316 1004 ipsi,
327 937 427 1006 saepe
436 925 571 1006 saepius
581 924 692 988 idonei
700 944 767 986 non
779 933 858 985 sunt
870 923 941 984 sive
953 922 996 984 ad
1007 941 1142 984 sacrum
1159 922 1272 984 minis-

184 1004 307 1069 terium
341 1010 577 1085 exercendum,
605 1007 675 1069 sive
708 1006 751 1068 ad
784 1003 970 1067 docendum
1000 1004 1034 1067 in
1064 1003 1269 1085 Gymnasiis,

185 1095 301 1170 utpote
315 1090 370 1169 qui
382 1090 576 1171 plerumque
593 1089 743 1152 destituti
756 1097 835 1150 sunt
848 1086 1099 1150 condicionibus
1112 1106 1151 1148 ac
1165 1087 1270 1150 titulis

183 1193 204 1234 a
230 1174 303 1253 lege
333 1170 422 1236 civili
451 1172 632 1252 requisitis,
664 1179 697 1235 et
726 1171 861 1234 aliunde
901 1171 1008 1233 media
1045 1189 1113 1232 non
1143 1169 1270 1233 habent

183 1255 347 1317 honestae
363 1255 619 1318 sustentationis
635 1256 697 1319 sibi
713 1253 948 1338 procurandae
963 1253 987 1316 ¹.
1007 1279 1021 1308 ›>

224 1358 253 1400 a.
270 1337 395 1399 Decreti
410 1336 568 1418 objectum.
588 1337 649 1402 Cui
671 1337 866 1401 necessitati
892 1342 929 1398 ut
952 1335 1179 1412 consulerent,
1206 1334 1268 1396 Emi

182 1421 248 1482 ΡΡ.
265 1421 430 1483 rationem
446 1422 654 1483 innovarunt
672 1419 868 1503 expulsionis,
888 1416 1077 1482 dimissionis
1093 1425 1126 1479 et
1141 1416 1268 1480 ordinu-

182 1501 274 1565 tionis
299 1503 463 1566 sodalium
490 1505 728 1567 Institutorum
753 1502 998 1584 religiosorum.
1026 1500 1091 1563 Hic
1114 1501 1155 1562 de
1182 1500 1267 1562 binis

182 1585 349 1668 prioribus
365 1586 585 1667 argumentis
603 1586 701 1664 infra,
720 1594 816 1668 parte
832 1605 862 1667 7,
881 1604 955 1666 cap.
971 1608 1002 1666 4,
1021 1583 1061 1645 de
1076 1583 1189 1645 tertio.

223 1686 254 1744 3.
280 1667 427 1730 Instituta
454 1667 667 1731 huicdecreto
693 1667 851 1749 subjectu:
878 1670 911 1746 a)
939 1667 1025 1730 Sunt
1055 1666 1266 1748 potissimum

182 1749 440 1831 Congregutiones
455 1750 618 1834 religiosae
628 1751 715 1834 juris
738 1751 910 1834 pontificii,
928 1760 962 1812 et
977 1768 1037 1812 eae
1052 1750 1106 1811 vel
1122 1748 1266 1811 maxime

181 1850 266 1911 quae
306 1831 480 1914 privilegio
511 1835 670 1897 fruuntur
710 1832 977 1896 communicandi
1013 1851 1089 1894 cum
1122 1832 1266 1894 alumnis

180 1913 383 1995 peculiarem
398 1915 588 1999 quempiam
611 1918 745 1980 titulum
761 1915 992 1993 ordinationis,
1010 1935 1043 1978 v.
1061 1929 1113 1994 gr.
1135 1913 1265 1976 missio-

180 1995 243 2075 nis,
260 2016 398 2060 mensae
420 1999 620 2062 communis.
647 2000 684 2061 ln
708 2000 747 2062 iis
774 1999 863 2063 enim
887 2017 972 2078 quae
999 1996 1174 2080 privilegio
1200 1997 1264 2058 isto

179 2086 297 2140 carent
312 2079 381 2142 fere
396 2100 461 2142 usu
477 2100 544 2144 non
560 2082 700 2144 veniunt
716 2081 779 2144 nisi
805 2081 964 2158 secunda,
993 2078 1094 2142 tertia
1116 2088 1150 2140 et
1169 2084 1266 2140 sexta

179 2181 219 2222 ex
242 2181 301 2223 sex
316 2162 440 2225 decreti
456 2164 698 2226 sanctionibus,
1193 2210 1195 2213 -

220 2243 334 2388 lyPer
348 2245 485 2307 urridens
501 2247 664 2326 quaedam
681 2246 780 2308 simul
795 2244 1047 2308 constituuntur
1063 2240 1103 2303 de
1119 2240 1264 2305 alumnis

179 2326 225 2388 Or
247 2325 334 2389 inum
349 2333 486 2390 votorum
500 2326 705 2392 sollemnium.
722 2329 796 2390 Hos
812 2333 870 2410 per
891 2325 1030 2389 accidens
1053 2331 1186 2387 tantum
1202 2342 1263 2386 nec

177 2411 211 2471 in
226 2409 462 2476 omnibushoc
479 2411 565 2473 affici
582 2412 719 2475 decreto
742 2417 876 2473 constat
894 2417 965 2471 tum
980 2429 1022 2470 ex
1038 2413 1117 2471 voto
1129 2407 1263 2469 consul-

177 2492 260 2554 toris
284 2492 449 2574 quiante
476 2494 648 2556 decretum
673 2493 1043 2575 rogatussententiam,
1068 2489 1263 2568 observavit

179 2599 192 2628 α
211 2573 423 2638 incommoda
439 2576 479 2638 de
495 2577 615 2658 quibus
631 2576 790 2660 Episcopi
806 2577 989 2656 loquuntur
1004 2573 1147 2638 Ordines
1164 2591 1262 2653 regu-

177 2657 264 2720 lares
287 2677 353 2720 non
377 2659 557 2742 respicere,
585 2686 598 2714 »
624 2667 695 2722 tum
710 2679 751 2722 ex
766 2659 871 2741 ipsius
886 2656 1024 2721 Decreti
1039 2654 1260 2740 praelatione,

176 2758 262 2819 quae
277 2740 386 2804 auctis
402 2751 558 2805 votorum
582 2742 781 2822 simplicium
797 2740 963 2804 Institutis
986 2739 1141 2820 facilique
1156 2740 1262 2802 alum-

177 2841 297 2884 norum
305 2843 442 2905 egressu
452 2831 549 2907 parta
558 2827 759 2906 pronunciat
772 2825 982 2888 incommoda
995 2823 1114 2903 quibus
1126 2822 1261 2885 videba-

177 2913 233 2965 tur
246 2907 444 2968 medendum
456 2909 484 2985 ²;
499 2907 690 2988 deniqueex
701 2908 892 2970 litterisEmi
902 2905 1068 2969 Praefecti
1082 2905 1117 2967 S.
1133 2905 1259 2986 Congr.

178 2984 285 3067 Super
313 2988 487 3070 disciplina
513 2990 671 3071 regulari,
696 2990 782 3052 datis
809 3003 844 3052 a⁰
873 2994 962 3069 1899,
980 2989 1013 3050 in
1037 2987 1156 3069 quibus
1176 2991 1261 3051 haec

177 3068 370 3132 habentur:
404 3097 417 3125 «
449 3073 671 3136 Decretum...
703 3073 768 3135 hoc
798 3092 857 3155 per
887 3072 1038 3153 regulam
1068 3072 1260 3151 generalem

176 3149 279 3213 afficit
301 3152 461 3215 Instituta
476 3155 624 3216 recentia
646 3163 806 3218 votorum
823 3155 1023 3238 simplicium
1038 3173 1046 3231 3
1070 3173 1110 3215 ac
1126 3161 1259 3216 tantum

176 3251 236 3314 per
251 3235 480 3317 exceptionem
496 3236 638 3300 Ordines
654 3240 788 3320 proprie
804 3238 911 3301 dictos
928 3236 951 3301 ³.
978 3263 991 3292 »

217 3317 246 3394 c)
263 3317 362 3380 Nullo
384 3325 498 3381 autem
520 3328 631 3402 pact0,
657 3329 694 3382 ut
709 3321 897 3405 opinamur,
915 3317 1032 3380 stricte
1048 3317 1151 3379 afficit
1165 3317 1259 3380 Insti-

175 3403 242 3461 tutu
267 3399 457 3466 dioecesana.
481 3402 627 3481 Etenim,
652 3403 913 3487 praeterquam,
931 3399 1030 3482 quod,
1048 3407 1085 3461 ut
1101 3400 1256 3478 diximuS,

174 3481 258 3544 haec
274 3483 515 3565 permittuntur
530 3485 729 3549 dioecesano
742 3485 906 3567 regimini,
925 3483 1032 3563 ineis,
1051 3502 1126 3545 cum
1142 3483 1208 3545 sint
1225 3483 1258 3545 in

172 3564 418 3648 Episcoporum
434 3575 615 3648 potestate,
633 3569 744 3632 deficit
759 3568 866 3632 omnis
882 3566 1008 3630 decreti
1024 3567 1123 3629 ratio.
1145 3566 1258 3648 Quare

174 3665 292 3711 recens
305 3648 344 3715 C.
358 3649 510 3714 Conditus
521 3671 540 3712 u
553 3651 688 3729 Christe,
703 3653 770 3728 ubi,
785 3671 815 3714 c.
833 3673 859 3729 1,
875 3667 995 3729 n.V111,
1009 3650 1079 3730 agit
1091 3651 1131 3712 de
1147 3647 1258 3712 dimis-

174 3730 268 3793 sione
283 3734 497 3796 alumnorum
512 3734 704 3817 hujusmodi
721 3735 969 3811 Institutorum,
982 3733 1114 3796 silentio
1127 3739 1258 3814 praete·

175 3813 219 3875 rit
234 3815 406 3896 pontificia
422 3817 559 3879 decreta
574 3837 660 3899 quae
677 3823 916 3879 commemorat
933 3816 1066 3896 quando
1082 3835 1112 3878 c.
1130 3837 1160 3898 2,
1178 3835 1212 3879 n.
1230 3838 1257 3893 1,

175 3993 493 4004 *—

204 4071 280 4120 ¹Clr.
292 4074 325 4120 A.
338 4075 367 4122 S.
379 4076 407 4124 S.
421 4079 439 4123 t.
453 4082 490 4132 25,
503 4089 531 4135 p.
544 4083 595 4133 307,
608 4089 667 4136 sqq.

202 4141 403 4193 2Subsecivam
419 4151 510 4194 tamen
525 4144 772 4195 considerationem
781 4144 917 4194 Ordinum
928 4146 1117 4208 religiosorum
1137 4149 1257 4209 produnt

173 4200 242 4250 haec
257 4199 342 4250 verba
360 4204 553 4269 Praelationis.
572 4222 580 4250 r
599 4206 687 4260 Haec,
704 4205 814 4264 aliaque
830 4205 857 4270 id
874 4219 967 4270 genus,
987 4205 1070 4254 etiam
1087 4207 1121 4254 de
1140 4208 1259 4257 alumnis

173 4266 298 4367 {pctopum
317 4261 499 4320 sollemnium,
519 4262 718 4325 perpendentes
734 4263 858 4312 nonnulli
877 4276 947 4312 sacri
967 4264 1090 4313 locorum
1104 4265 1257 4325 Antistites,

168 4387 324 4509 mmm
338 4391 415 4506 gos*
429 4395 448 4440 t.
466 4398 503 4449 31,
521 4405 547 4452 p.
565 4396 617 4440 536.
634 4393 743 4441 Annum
761 4390 927 4451 sumpsimus
942 4405 974 4440 ex
983 4391 1135 4453 Nervegna,
1153 4392 1190 4440 De
1203 4394 1259 4452 jun

1346 635 1489 703 ¹Ir'jnsocca·

1327 706 1375 751 sin,

1354 1368 1481 1429 Odjcctum,

1329 1698 1460 1759 Subjectum
1473 1713 1482 1747 :

1349 1809 1481 1871 Congrege-

1320 1869 1404 1927 tiones,

1302 3371 1306 3382 ’
1342 3359 1460 3406 Instituta

1313 3415 1458 3464 dioecesana.
