<?xml version="1.0" encoding="UTF-8"?>
<!DOCTYPE html PUBLIC "-//W3C//DTD XHTML 1.0 Transitional//EN"
    "http://www.w3.org/TR/xhtml1/DTD/xhtml1-transitional.dtd">
<html xmlns="http://www.w3.org/1999/xhtml" xml:lang="en" lang="en">
 <head>
  <title>
</title>
<meta http-equiv="Content-Type" content="text/html;charset=utf-8" />
  <meta name='ocr-system' content='tesseract 3.04.00' />
  <meta name='ocr-capabilities' content='ocr_page ocr_carea ocr_par ocr_line ocrx_word'/>
</head>
<body>
  <div class='ocr_page' id='page_1' title='image "./dereligiosisins00vermgoog_0334.png"; bbox 0 0 3138 5014; ppageno 0'>
   <div class='ocr_carea' id='block_1_1' title="bbox 148 415 1235 502">
    <p class='ocr_par' dir='ltr' id='par_1_1' title="bbox 148 415 1235 502">
     <span class='ocr_line' id='line_1_1' title="bbox 148 415 1235 502; baseline -0.006 -18"><span class='ocrx_word' id='word_1_1' title='bbox 148 423 328 502; x_wconf 68' lang='lat' dir='ltr'><strong>[aldit-491]</strong></span> <span class='ocrx_word' id='word_1_2' title='bbox 471 443 506 478; x_wconf 79' lang='lat' dir='ltr'><strong>ne</strong></span> <span class='ocrx_word' id='word_1_3' title='bbox 522 441 594 476; x_wconf 75' lang='lat' dir='ltr'><strong>cora</strong></span> <span class='ocrx_word' id='word_1_4' title='bbox 611 439 768 476; x_wconf 78' lang='lat' dir='ltr'><strong>naoracrus</strong></span> <span class='ocrx_word' id='word_1_5' title='bbox 784 439 956 476; x_wconf 76' lang='lat' dir='ltr'><strong>sararrnanrs</strong></span> <span class='ocrx_word' id='word_1_6' title='bbox 1175 415 1235 478; x_wconf 67' lang='lat'><strong>299</strong></span> 
     </span>
    </p>
   </div>
   <div class='ocr_carea' id='block_1_2' title="bbox 149 578 1236 1162">
    <p class='ocr_par' dir='ltr' id='par_1_2' title="bbox 149 578 1236 1060">
     <span class='ocr_line' id='line_1_2' title="bbox 149 578 1233 668; baseline -0.004 -24"><span class='ocrx_word' id='word_1_7' title='bbox 149 583 204 662; x_wconf 92' lang='lat' dir='ltr'><strong>qui</strong></span> <span class='ocrx_word' id='word_1_8' title='bbox 219 582 331 646; x_wconf 77' lang='lat' dir='ltr'><strong>directe</strong></span> <span class='ocrx_word' id='word_1_9' title='bbox 341 583 387 646; x_wconf 83' lang='lat' dir='ltr'><strong>uel</strong></span> <span class='ocrx_word' id='word_1_10' title='bbox 397 581 545 645; x_wconf 77' lang='lat' dir='ltr'><strong>indirecte</strong></span> <span class='ocrx_word' id='word_1_11' title='bbox 560 580 704 668; x_wconf 82' lang='lat' dir='ltr'><strong>expellat</strong></span> <span class='ocrx_word' id='word_1_12' title='bbox 717 579 859 644; x_wconf 89' lang='lat' dir='ltr'><strong>invitum</strong></span> <span class='ocrx_word' id='word_1_13' title='bbox 871 578 1043 646; x_wconf 89' lang='lat' dir='ltr'><strong>subditum</strong></span> <span class='ocrx_word' id='word_1_14' title='bbox 1057 579 1154 660; x_wconf 88' lang='lat' dir='ltr'><strong>cujus</strong></span> <span class='ocrx_word' id='word_1_15' title='bbox 1168 578 1233 644; x_wconf 91' lang='lat' dir='ltr'><strong>hac</strong></span> 
     </span>
     <span class='ocr_line' id='line_1_3' title="bbox 149 661 1235 740; baseline -0.001 -15"><span class='ocrx_word' id='word_1_16' title='bbox 149 672 280 728; x_wconf 88' lang='lat' dir='ltr'><strong>tantum</strong></span> <span class='ocrx_word' id='word_1_17' title='bbox 307 667 362 730; x_wconf 84' lang='lat' dir='ltr'><strong>via</strong></span> <span class='ocrx_word' id='word_1_18' title='bbox 388 663 507 730; x_wconf 91' lang='lat' dir='ltr'><strong>vitium</strong></span> <span class='ocrx_word' id='word_1_19' title='bbox 533 662 776 740; x_wconf 67' lang='lat' dir='ltr'><strong>novatianae</strong></span> <span class='ocrx_word' id='word_1_20' title='bbox 803 682 962 728; x_wconf 83' lang='lat' dir='ltr'>assensus</span> <span class='ocrx_word' id='word_1_21' title='bbox 992 661 1117 726; x_wconf 89' lang='lat' dir='ltr'><strong>subditi</strong></span> <span class='ocrx_word' id='word_1_22' title='bbox 1146 661 1235 724; x_wconf 89' lang='lat' dir='ltr'><strong>hanc</strong></span> 
     </span>
     <span class='ocr_line' id='line_1_4' title="bbox 149 742 1233 830; baseline -0.006 -18"><span class='ocrx_word' id='word_1_23' title='bbox 149 748 319 830; x_wconf 80' lang='lat' dir='ltr'>injustiam</span> <span class='ocrx_word' id='word_1_24' title='bbox 336 747 433 826; x_wconf 87' lang='lat' dir='ltr'><strong>tollit,</strong></span> <span class='ocrx_word' id='word_1_25' title='bbox 451 747 515 810; x_wconf 91' lang='lat' dir='ltr'><strong>nisi</strong></span> <span class='ocrx_word' id='word_1_26' title='bbox 529 747 633 830; x_wconf 89' lang='lat' dir='ltr'><strong>probe</strong></span> <span class='ocrx_word' id='word_1_27' title='bbox 649 745 783 811; x_wconf 88' lang='lat' dir='ltr'><strong>noverit</strong></span> <span class='ocrx_word' id='word_1_28' title='bbox 798 745 860 808; x_wconf 90' lang='lat' dir='ltr'><strong>sibi</strong></span> <span class='ocrx_word' id='word_1_29' title='bbox 873 746 928 826; x_wconf 90' lang='lat' dir='ltr'><strong>jus</strong></span> <span class='ocrx_word' id='word_1_30' title='bbox 953 764 1027 827; x_wconf 87' lang='lat' dir='ltr'><strong>esse</strong></span> <span class='ocrx_word' id='word_1_31' title='bbox 1050 742 1233 806; x_wconf 86' lang='lat' dir='ltr'><strong>abnuendi.</strong></span> 
     </span>
     <span class='ocr_line' id='line_1_5' title="bbox 149 826 1233 914; baseline -0.004 -19"><span class='ocrx_word' id='word_1_32' title='bbox 149 829 323 910; x_wconf 74' lang='lat' dir='ltr'><strong>Similiter,</strong></span> <span class='ocrx_word' id='word_1_33' title='bbox 348 839 482 914; x_wconf 88' lang='lat' dir='ltr'><strong>praeter</strong></span> <span class='ocrx_word' id='word_1_34' title='bbox 518 835 683 896; x_wconf 77' lang='lat' dir='ltr'>secretam</span> <span class='ocrx_word' id='word_1_35' title='bbox 717 827 956 909; x_wconf 84' lang='lat' dir='ltr'><strong>paenitentiam</strong></span> <span class='ocrx_word' id='word_1_36' title='bbox 991 826 1233 903; x_wconf 75' lang='lat' dir='ltr'><strong>medicinalem,</strong></span> 
     </span>
     <span class='ocr_line' id='line_1_6' title="bbox 149 908 1236 1058; baseline -0.002 -84"><span class='ocrx_word' id='word_1_37' title='bbox 149 915 275 1058; x_wconf 53' lang='lat' dir='ltr'><strong>nnllaplp</strong></span> <span class='ocrx_word' id='word_1_38' title='bbox 292 933 434 998; x_wconf 88' lang='lat' dir='ltr'><strong>poenam</strong></span> <span class='ocrx_word' id='word_1_39' title='bbox 451 918 564 996; x_wconf 87' lang='lat' dir='ltr'><strong>petere</strong></span> <span class='ocrx_word' id='word_1_40' title='bbox 576 918 688 996; x_wconf 88' lang='lat' dir='ltr'><strong>potest</strong></span> <span class='ocrx_word' id='word_1_41' title='bbox 703 911 879 977; x_wconf 86' lang='lat' dir='ltr'><strong>Praelatus</strong></span> <span class='ocrx_word' id='word_1_42' title='bbox 892 910 935 974; x_wconf 91' lang='lat' dir='ltr'><strong>ob</strong></span> <span class='ocrx_word' id='word_1_43' title='bbox 948 908 1069 974; x_wconf 90' lang='lat' dir='ltr'><strong>delicta</strong></span> <span class='ocrx_word' id='word_1_44' title='bbox 1084 909 1236 974; x_wconf 87' lang='lat' dir='ltr'><strong>hacuna</strong></span> 
     </span>
     <span class='ocr_line' id='line_1_7' title="bbox 149 997 396 1060; baseline 0.012 -3"><span class='ocrx_word' id='word_1_45' title='bbox 149 1016 206 1058; x_wconf 87' lang='lat' dir='ltr'><strong>vra</strong></span> <span class='ocrx_word' id='word_1_46' title='bbox 223 1013 249 1059; x_wconf 86' lang='lat' dir='ltr'><strong>sr</strong></span> <span class='ocrx_word' id='word_1_47' title='bbox 277 997 396 1060; x_wconf 89' lang='lat' dir='ltr'><strong>inota.</strong></span> 
     </span>
    </p>

    <p class='ocr_par' dir='ltr' id='par_1_3' title="bbox 190 1073 1233 1162">
     <span class='ocr_line' id='line_1_8' title="bbox 190 1073 1233 1162; baseline -0.007 -20"><span class='ocrx_word' id='word_1_48' title='bbox 190 1102 221 1160; x_wconf 86' lang='lat'><strong>4.</strong></span> <span class='ocrx_word' id='word_1_49' title='bbox 239 1081 336 1162; x_wconf 87' lang='lat' dir='ltr'><strong>Quod</strong></span> <span class='ocrx_word' id='word_1_50' title='bbox 357 1078 400 1142; x_wconf 87' lang='lat' dir='ltr'><strong>ad</strong></span> <span class='ocrx_word' id='word_1_51' title='bbox 423 1075 548 1141; x_wconf 77' lang='lat' dir='ltr'><strong>niodum</strong></span> <span class='ocrx_word' id='word_1_52' title='bbox 565 1075 744 1158; x_wconf 90' lang='lat' dir='ltr'><strong>recipiendi</strong></span> <span class='ocrx_word' id='word_1_53' title='bbox 761 1075 988 1140; x_wconf 87' lang='lat' dir='ltr'><strong>conscientiae</strong></span> <span class='ocrx_word' id='word_1_54' title='bbox 1005 1073 1186 1152; x_wconf 90' lang='lat' dir='ltr'><strong>rationem,</strong></span> <span class='ocrx_word' id='word_1_55' title='bbox 1206 1073 1233 1135; x_wconf 90' lang='lat' dir='ltr'><strong>is</strong></span> 
     </span>
    </p>
   </div>
   <div class='ocr_carea' id='block_1_3' title="bbox 1 1155 1264 1331">
    <p class='ocr_par' dir='ltr' id='par_1_4' title="bbox 1 1155 1264 1331">
     <span class='ocr_line' id='line_1_9' title="bbox 150 1155 1236 1245; baseline -0.002 -23"><span class='ocrx_word' id='word_1_56' title='bbox 150 1161 247 1224; x_wconf 91' lang='lat' dir='ltr'><strong>debet</strong></span> <span class='ocrx_word' id='word_1_57' title='bbox 273 1160 511 1245; x_wconf 72' lang='lat' dir='ltr'><strong>esse&#39;prudens</strong></span> <span class='ocrx_word' id='word_1_58' title='bbox 527 1172 559 1221; x_wconf 89' lang='lat' dir='ltr'><strong>et</strong></span> <span class='ocrx_word' id='word_1_59' title='bbox 582 1165 755 1240; x_wconf 86' lang='lat' dir='ltr'><strong>paternus,</strong></span> <span class='ocrx_word' id='word_1_60' title='bbox 774 1160 1027 1238; x_wconf 86' lang='lat' dir='ltr'><strong>cavendumque</strong></span> <span class='ocrx_word' id='word_1_61' title='bbox 1049 1162 1101 1220; x_wconf 90' lang='lat' dir='ltr'><strong>est</strong></span> <span class='ocrx_word' id='word_1_62' title='bbox 1129 1155 1236 1242; x_wconf 56' lang='lat' dir='ltr'><strong>Supess</strong></span> 
     </span>
     <span class='ocr_line' id='line_1_10' title="bbox 1 1240 1264 1331; baseline -0.003 -26"><span class='ocrx_word' id='word_1_63' title='bbox 1 1305 9 1331; x_wconf 36' lang='grc' dir='ltr'><strong><em>ἶ</em></strong></span> <span class='ocrx_word' id='word_1_64' title='bbox 105 1273 108 1277; x_wconf 91' lang='grc'><em>·</em></span> <span class='ocrx_word' id='word_1_65' title='bbox 150 1243 229 1306; x_wconf 91' lang='lat' dir='ltr'><strong>riori</strong></span> <span class='ocrx_word' id='word_1_66' title='bbox 246 1265 287 1305; x_wconf 85' lang='lat' dir='ltr'><strong>ne</strong></span> <span class='ocrx_word' id='word_1_67' title='bbox 303 1245 336 1306; x_wconf 91' lang='lat' dir='ltr'><strong>in</strong></span> <span class='ocrx_word' id='word_1_68' title='bbox 353 1241 619 1324; x_wconf 79' lang='lat' dir='ltr'><strong>interrogatione</strong></span> <span class='ocrx_word' id='word_1_69' title='bbox 634 1241 733 1304; x_wconf 87' lang='lat' dir='ltr'><strong>nimis</strong></span> <span class='ocrx_word' id='word_1_70' title='bbox 748 1240 868 1313; x_wconf 74' lang='lat' dir='ltr'><strong>anxius</strong></span> <span class='ocrx_word' id='word_1_71' title='bbox 885 1241 1054 1306; x_wconf 89' lang='lat' dir='ltr'><strong>videatur.</strong></span> <span class='ocrx_word' id='word_1_72' title='bbox 1260 1263 1264 1270; x_wconf 89' lang='lat'><em>·</em></span> 
     </span>
    </p>
   </div>
   <div class='ocr_carea' id='block_1_4' title="bbox 150 1323 1239 2232">
    <p class='ocr_par' dir='ltr' id='par_1_5' title="bbox 190 1323 814 1408">
     <span class='ocr_line' id='line_1_11' title="bbox 190 1323 814 1408; baseline -0.006 -19"><span class='ocrx_word' id='word_1_73' title='bbox 190 1345 220 1408; x_wconf 90' lang='lat'><strong>5.</strong></span> <span class='ocrx_word' id='word_1_74' title='bbox 238 1324 353 1408; x_wconf 63' lang='lat' dir='ltr'><strong>Defieri</strong></span> <span class='ocrx_word' id='word_1_75' title='bbox 367 1335 480 1389; x_wconf 88' lang='lat' dir='ltr'><strong>autem</strong></span> <span class='ocrx_word' id='word_1_76' title='bbox 497 1324 578 1387; x_wconf 80' lang='lat' dir='ltr'><strong>ratio</strong></span> <span class='ocrx_word' id='word_1_77' title='bbox 594 1323 814 1386; x_wconf 79' lang='lat' dir='ltr'><strong>conscientiae:</strong></span> 
     </span>
    </p>

    <p class='ocr_par' dir='ltr' id='par_1_6' title="bbox 150 1403 1237 1901">
     <span class='ocr_line' id='line_1_12' title="bbox 156 1403 1234 1494; baseline -0.005 -25"><span class='ocrx_word' id='word_1_78' title='bbox 156 1413 222 1494; x_wconf 57' lang='lat' dir='ltr'><strong>(a)</strong></span> <span class='ocrx_word' id='word_1_79' title='bbox 250 1413 277 1473; x_wconf 84' lang='lat' dir='ltr'>A</span> <span class='ocrx_word' id='word_1_80' title='bbox 314 1409 510 1490; x_wconf 78' lang='lat' dir='ltr'><strong>consessione,</strong></span> <span class='ocrx_word' id='word_1_81' title='bbox 543 1427 619 1471; x_wconf 89' lang='lat' dir='ltr'><strong>cum</strong></span> <span class='ocrx_word' id='word_1_82' title='bbox 645 1405 757 1486; x_wconf 77' lang='lat' dir='ltr'><strong>objecto</strong></span> <span class='ocrx_word' id='word_1_83' title='bbox 787 1413 859 1468; x_wconf 92' lang='lat' dir='ltr'><strong>tum</strong></span> <span class='ocrx_word' id='word_1_84' title='bbox 882 1405 959 1488; x_wconf 79' lang='lat' dir='ltr'><strong>fiae.</strong></span> <span class='ocrx_word' id='word_1_85' title='bbox 990 1403 1124 1486; x_wconf 79' lang='lat' dir='ltr'><strong>Objecio,</strong></span> <span class='ocrx_word' id='word_1_86' title='bbox 1155 1422 1234 1466; x_wconf 90' lang='lat' dir='ltr'><strong>nam</strong></span> 
     </span>
     <span class='ocr_line' id='line_1_13' title="bbox 150 1483 1236 1574; baseline -0.004 -22"><span class='ocrx_word' id='word_1_87' title='bbox 150 1491 316 1555; x_wconf 88' lang='lat' dir='ltr'><strong>confessio</strong></span> <span class='ocrx_word' id='word_1_88' title='bbox 339 1492 377 1553; x_wconf 87' lang='lat' dir='ltr'><strong>fit</strong></span> <span class='ocrx_word' id='word_1_89' title='bbox 401 1498 617 1574; x_wconf 89' lang='lat' dir='ltr'><strong>peccatorum</strong></span> <span class='ocrx_word' id='word_1_90' title='bbox 638 1496 782 1557; x_wconf 83' lang='lat' dir='ltr'><strong>tantum.</strong></span> <span class='ocrx_word' id='word_1_91' title='bbox 807 1489 884 1552; x_wconf 91' lang='lat' dir='ltr'><strong>dum</strong></span> <span class='ocrx_word' id='word_1_92' title='bbox 908 1489 996 1552; x_wconf 88' lang='lat' dir='ltr'><strong>ratio</strong></span> <span class='ocrx_word' id='word_1_93' title='bbox 1011 1483 1236 1549; x_wconf 87' lang='lat' dir='ltr'><strong>conscientiae</strong></span> 
     </span>
     <span class='ocr_line' id='line_1_14' title="bbox 150 1570 1236 1654; baseline -0.007 -18"><span class='ocrx_word' id='word_1_94' title='bbox 150 1575 385 1654; x_wconf 77' lang='lat' dir='ltr'><strong>complectitur</strong></span> <span class='ocrx_word' id='word_1_95' title='bbox 401 1581 435 1636; x_wconf 87' lang='lat' dir='ltr'><strong>et</strong></span> <span class='ocrx_word' id='word_1_96' title='bbox 451 1573 655 1636; x_wconf 79' lang='lat' dir='ltr'><strong>tentationes</strong></span> <span class='ocrx_word' id='word_1_97' title='bbox 671 1580 704 1634; x_wconf 91' lang='lat' dir='ltr'><strong>et</strong></span> <span class='ocrx_word' id='word_1_98' title='bbox 719 1579 817 1634; x_wconf 88' lang='lat' dir='ltr'><strong>actus</strong></span> <span class='ocrx_word' id='word_1_99' title='bbox 833 1571 954 1650; x_wconf 86' lang='lat' dir='ltr'><strong>bonos;</strong></span> <span class='ocrx_word' id='word_1_100' title='bbox 968 1570 1043 1651; x_wconf 76' lang='lat' dir='ltr'><strong>fine,</strong></span> <span class='ocrx_word' id='word_1_101' title='bbox 1061 1588 1140 1634; x_wconf 87' lang='lat' dir='ltr'><strong>nam</strong></span> <span class='ocrx_word' id='word_1_102' title='bbox 1157 1587 1236 1630; x_wconf 92' lang='lat' dir='ltr'><strong>con·</strong></span> 
     </span>
     <span class='ocr_line' id='line_1_15' title="bbox 152 1650 1237 1740; baseline 0 -26"><span class='ocrx_word' id='word_1_103' title='bbox 152 1657 250 1717; x_wconf 90' lang='lat' dir='ltr'><strong>lessio</strong></span> <span class='ocrx_word' id='word_1_104' title='bbox 267 1655 422 1736; x_wconf 86' lang='lat' dir='ltr'><strong>dirigitur</strong></span> <span class='ocrx_word' id='word_1_105' title='bbox 440 1675 549 1740; x_wconf 84' lang='lat' dir='ltr'><strong>perse</strong></span> <span class='ocrx_word' id='word_1_106' title='bbox 565 1655 606 1716; x_wconf 90' lang='lat' dir='ltr'><strong>ad</strong></span> <span class='ocrx_word' id='word_1_107' title='bbox 623 1655 733 1718; x_wconf 87' lang='lat' dir='ltr'><strong>cordis</strong></span> <span class='ocrx_word' id='word_1_108' title='bbox 748 1653 936 1718; x_wconf 81' lang='lat' dir='ltr'><strong>mundilinrrr</strong></span> <span class='ocrx_word' id='word_1_109' title='bbox 958 1650 1178 1734; x_wconf 88' lang='lat' dir='ltr'><strong>pergratiam</strong></span> <span class='ocrx_word' id='word_1_110' title='bbox 1196 1671 1237 1714; x_wconf 87' lang='lat' dir='ltr'><strong>ex</strong></span> 
     </span>
     <span class='ocr_line' id='line_1_16' title="bbox 150 1733 1234 1818; baseline -0.002 -18"><span class='ocrx_word' id='word_1_111' title='bbox 150 1742 234 1818; x_wconf 77' lang='lat' dir='ltr'><strong>opere</strong></span> <span class='ocrx_word' id='word_1_112' title='bbox 257 1739 389 1818; x_wconf 76' lang='lat' dir='ltr'><strong>operer‘o,</strong></span> <span class='ocrx_word' id='word_1_113' title='bbox 414 1739 501 1800; x_wconf 87' lang='lat' dir='ltr'><strong>ratio</strong></span> <span class='ocrx_word' id='word_1_114' title='bbox 524 1736 749 1800; x_wconf 89' lang='lat' dir='ltr'><strong>conscientiae</strong></span> <span class='ocrx_word' id='word_1_115' title='bbox 772 1737 815 1800; x_wconf 89' lang='lat' dir='ltr'><strong>ad</strong></span> <span class='ocrx_word' id='word_1_116' title='bbox 841 1736 1022 1818; x_wconf 89' lang='lat' dir='ltr'><strong>positivum</strong></span> <span class='ocrx_word' id='word_1_117' title='bbox 1048 1733 1234 1814; x_wconf 87' lang='lat' dir='ltr'><strong>proiectum</strong></span> 
     </span>
     <span class='ocr_line' id='line_1_17' title="bbox 151 1817 1084 1901; baseline -0.005 -17"><span class='ocrx_word' id='word_1_118' title='bbox 151 1821 358 1901; x_wconf 86' lang='lat' dir='ltr'><strong>spiritnalem</strong></span> <span class='ocrx_word' id='word_1_119' title='bbox 373 1842 451 1886; x_wconf 71' lang='lat' dir='ltr'><strong>anm</strong></span> <span class='ocrx_word' id='word_1_120' title='bbox 467 1820 590 1882; x_wconf 87' lang='lat' dir='ltr'><strong>auxilio</strong></span> <span class='ocrx_word' id='word_1_121' title='bbox 606 1834 748 1898; x_wconf 72' lang='lat' dir='ltr'><strong>gravae,</strong></span> <span class='ocrx_word' id='word_1_122' title='bbox 766 1839 805 1882; x_wconf 83' lang='lat' dir='ltr'><strong>ex</strong></span> <span class='ocrx_word' id='word_1_123' title='bbox 822 1823 906 1900; x_wconf 78' lang='lat' dir='ltr'><strong>opere</strong></span> <span class='ocrx_word' id='word_1_124' title='bbox 921 1817 1084 1896; x_wconf 70' lang='lat' dir='ltr'><strong>operariis.</strong></span> 
     </span>
    </p>

    <p class='ocr_par' dir='ltr' id='par_1_7' title="bbox 151 1898 1239 2232">
     <span class='ocr_line' id='line_1_18' title="bbox 193 1898 1237 1984; baseline -0.002 -22"><span class='ocrx_word' id='word_1_125' title='bbox 193 1903 225 1982; x_wconf 88' lang='lat' dir='ltr'><strong>b)</strong></span> <span class='ocrx_word' id='word_1_126' title='bbox 243 1903 293 1965; x_wconf 81' lang='lat' dir='ltr'><strong>Ab</strong></span> <span class='ocrx_word' id='word_1_127' title='bbox 309 1903 520 1982; x_wconf 84' lang='lat' dir='ltr'><strong>inquisitione</strong></span> <span class='ocrx_word' id='word_1_128' title='bbox 526 1901 545 1982; x_wconf 83' lang='lat' dir='ltr'><strong><em>j</em></strong></span> <span class='ocrx_word' id='word_1_129' title='bbox 549 1901 646 1965; x_wconf 81' lang='lat' dir='ltr'><strong>adicis</strong></span> <span class='ocrx_word' id='word_1_130' title='bbox 664 1903 714 1962; x_wconf 86' lang='lat' dir='ltr'><strong>vel</strong></span> <span class='ocrx_word' id='word_1_131' title='bbox 729 1900 892 1984; x_wconf 72' lang='lat' dir='ltr'><strong>superioris</strong></span> <span class='ocrx_word' id='word_1_132' title='bbox 908 1900 1026 1978; x_wconf 81' lang='lat' dir='ltr'><strong>domne,</strong></span> <span class='ocrx_word' id='word_1_133' title='bbox 1044 1900 1165 1962; x_wconf 90' lang='lat' dir='ltr'><strong>iterum</strong></span> <span class='ocrx_word' id='word_1_134' title='bbox 1172 1898 1237 1979; x_wconf 77' lang='lat' dir='ltr'><strong>sene</strong></span> 
     </span>
     <span class='ocr_line' id='line_1_19' title="bbox 151 1981 1239 2067; baseline -0.005 -20"><span class='ocrx_word' id='word_1_135' title='bbox 151 1992 184 2054; x_wconf 80' lang='lat' dir='ltr'><strong>et</strong></span> <span class='ocrx_word' id='word_1_136' title='bbox 206 1984 329 2067; x_wconf 76' lang='lat' dir='ltr'><strong>objecto.</strong></span> <span class='ocrx_word' id='word_1_137' title='bbox 355 1986 445 2048; x_wconf 79' lang='lat' dir='ltr'><strong>Fine.</strong></span> <span class='ocrx_word' id='word_1_138' title='bbox 461 1986 596 2066; x_wconf 89' lang='lat' dir='ltr'><strong>inquam</strong></span> <span class='ocrx_word' id='word_1_139' title='bbox 613 2007 618 2046; x_wconf 94' lang='lat'>:</span> <span class='ocrx_word' id='word_1_140' title='bbox 633 1985 717 2048; x_wconf 88' lang='lat' dir='ltr'><strong>baec</strong></span> <span class='ocrx_word' id='word_1_141' title='bbox 729 1983 817 2050; x_wconf 87' lang='lat' dir='ltr'><strong>enim</strong></span> <span class='ocrx_word' id='word_1_142' title='bbox 834 1984 980 2064; x_wconf 83' lang='lat' dir='ltr'><strong>cognitio</strong></span> <span class='ocrx_word' id='word_1_143' title='bbox 1000 1988 1179 2046; x_wconf 88' lang='lat' dir='ltr'><strong>exercetur</strong></span> <span class='ocrx_word' id='word_1_144' title='bbox 1194 1981 1239 2043; x_wconf 90' lang='lat' dir='ltr'><strong>ad</strong></span> 
     </span>
     <span class='ocr_line' id='line_1_20' title="bbox 151 2064 1237 2151; baseline -0.006 -21"><span class='ocrx_word' id='word_1_145' title='bbox 151 2067 275 2132; x_wconf 88' lang='lat' dir='ltr'><strong>bonum</strong></span> <span class='ocrx_word' id='word_1_146' title='bbox 292 2070 344 2130; x_wconf 91' lang='lat' dir='ltr'><strong>vel</strong></span> <span class='ocrx_word' id='word_1_147' title='bbox 361 2069 530 2151; x_wconf 86' lang='lat' dir='ltr'><strong>publicum</strong></span> <span class='ocrx_word' id='word_1_148' title='bbox 548 2069 601 2130; x_wconf 91' lang='lat' dir='ltr'><strong>vel</strong></span> <span class='ocrx_word' id='word_1_149' title='bbox 617 2067 720 2130; x_wconf 89' lang='lat' dir='ltr'><strong>totius</strong></span> <span class='ocrx_word' id='word_1_150' title='bbox 738 2066 872 2143; x_wconf 84' lang='lat' dir='ltr'><strong>domus3</strong></span> <span class='ocrx_word' id='word_1_151' title='bbox 886 2065 999 2148; x_wconf 81' lang='lat' dir='ltr'><strong>objecto</strong></span> <span class='ocrx_word' id='word_1_152' title='bbox 1014 2071 1140 2134; x_wconf 78' lang='lat' dir='ltr'><strong>autern.</strong></span> <span class='ocrx_word' id='word_1_153' title='bbox 1158 2064 1237 2144; x_wconf 84' lang='lat' dir='ltr'><strong>quia</strong></span> 
     </span>
     <span class='ocr_line' id='line_1_21' title="bbox 151 2144 1235 2232; baseline -0.004 -23"><span class='ocrx_word' id='word_1_154' title='bbox 151 2160 286 2230; x_wconf 88' lang='lat' dir='ltr'><strong>praeter</strong></span> <span class='ocrx_word' id='word_1_155' title='bbox 309 2150 593 2230; x_wconf 78' lang='lat' dir='ltr'><strong>interrogationes</strong></span> <span class='ocrx_word' id='word_1_156' title='bbox 615 2147 780 2232; x_wconf 62' lang='lat' dir='ltr'><strong>generales</strong></span> <span class='ocrx_word' id='word_1_157' title='bbox 805 2147 831 2210; x_wconf 87' lang='lat' dir='ltr'><strong>si</strong></span> <span class='ocrx_word' id='word_1_158' title='bbox 858 2168 944 2228; x_wconf 91' lang='lat' dir='ltr'><strong>quae</strong></span> <span class='ocrx_word' id='word_1_159' title='bbox 967 2149 1053 2211; x_wconf 87' lang='lat' dir='ltr'><strong>fiunt</strong></span> <span class='ocrx_word' id='word_1_160' title='bbox 1081 2144 1235 2228; x_wconf 57' lang='lat' dir='ltr'><strong>speciales</strong></span> 
     </span>
    </p>
   </div>
   <div class='ocr_carea' id='block_1_5' title="bbox 1318 1091 1415 1140">
    <p class='ocr_par' dir='ltr' id='par_1_8' title="bbox 1318 1091 1415 1140">
     <span class='ocr_line' id='line_1_22' title="bbox 1318 1091 1415 1140; baseline -0.021 0"><span class='ocrx_word' id='word_1_161' title='bbox 1318 1091 1415 1140; x_wconf 80' lang='lat' dir='ltr'><strong>Medus.</strong></span> 
     </span>
    </p>
   </div>
   <div class='ocr_carea' id='block_1_6' title="bbox 1290 1339 1458 1625">
    <p class='ocr_par' dir='ltr' id='par_1_9' title="bbox 1290 1339 1458 1625">
     <span class='ocr_line' id='line_1_23' title="bbox 1320 1339 1431 1388; baseline -0.009 0"><span class='ocrx_word' id='word_1_162' title='bbox 1320 1339 1431 1388; x_wconf 83' lang='lat' dir='ltr'><strong>Conlalio</strong></span> 
     </span>
     <span class='ocr_line' id='line_1_24' title="bbox 1291 1399 1395 1446; baseline -0.019 0"><span class='ocrx_word' id='word_1_163' title='bbox 1291 1399 1395 1446; x_wconf 77' lang='lat' dir='ltr'><strong>rationis</strong></span> 
     </span>
     <span class='ocr_line' id='line_1_25' title="bbox 1290 1456 1445 1505; baseline -0.026 0"><span class='ocrx_word' id='word_1_164' title='bbox 1290 1456 1445 1505; x_wconf 78' lang='lat' dir='ltr'><strong>conscientiae</strong></span> 
     </span>
     <span class='ocr_line' id='line_1_26' title="bbox 1290 1512 1449 1583; baseline -0.006 -22"><span class='ocrx_word' id='word_1_165' title='bbox 1290 1512 1449 1583; x_wconf 65' lang='lat' dir='ltr'><strong>eleonsrssr&#39;o·</strong></span> 
     </span>
     <span class='ocr_line' id='line_1_27' title="bbox 1291 1587 1458 1625; baseline 0 -5"><span class='ocrx_word' id='word_1_166' title='bbox 1291 1587 1345 1625; x_wconf 86' lang='lat' dir='ltr'><strong>nrs;</strong></span> <span class='ocrx_word' id='word_1_167' title='bbox 1456 1595 1458 1599; x_wconf 36' lang='lat' dir='ltr'>v</span> 
     </span>
    </p>
   </div>
   <div class='ocr_carea' id='block_1_7' title="bbox 1286 1919 1454 2098">
    <p class='ocr_par' dir='ltr' id='par_1_10' title="bbox 1286 1919 1454 2098">
     <span class='ocr_line' id='line_1_28' title="bbox 1299 1919 1452 1973; baseline -0.052 -5"><span class='ocrx_word' id='word_1_168' title='bbox 1299 1919 1452 1973; x_wconf 68' lang='lat' dir='ltr'><strong>Cognitionis</strong></span> 
     </span>
     <span class='ocr_line' id='line_1_29' title="bbox 1286 1975 1454 2038; baseline -0.006 -16"><span class='ocrx_word' id='word_1_169' title='bbox 1286 1975 1413 2038; x_wconf 80' lang='lat' dir='ltr'><strong>judicialis</strong></span> <span class='ocrx_word' id='word_1_170' title='bbox 1420 1975 1454 2022; x_wconf 81' lang='lat' dir='ltr'><strong>rel</strong></span> 
     </span>
     <span class='ocr_line' id='line_1_30' title="bbox 1291 2033 1442 2098; baseline -0.026 -16"><span class='ocrx_word' id='word_1_171' title='bbox 1291 2036 1361 2098; x_wconf 76' lang='lat' dir='ltr'><strong>quasi</strong></span> <span class='ocrx_word' id='word_1_172' title='bbox 1372 2033 1442 2085; x_wconf 56' lang='lat' dir='ltr'><strong>ialin</strong></span> 
     </span>
    </p>
   </div>
   <div class='ocr_carea' id='block_1_8' title="bbox 151 2227 1303 2314">
    <p class='ocr_par' dir='ltr' id='par_1_11' title="bbox 151 2227 1303 2314">
     <span class='ocr_line' id='line_1_31' title="bbox 151 2227 1303 2314; baseline -0.004 -22"><span class='ocrx_word' id='word_1_173' title='bbox 151 2233 192 2292; x_wconf 91' lang='lat' dir='ltr'><strong>ad</strong></span> <span class='ocrx_word' id='word_1_174' title='bbox 217 2253 256 2296; x_wconf 88' lang='lat' dir='ltr'><strong>ea</strong></span> <span class='ocrx_word' id='word_1_175' title='bbox 281 2240 437 2314; x_wconf 88' lang='lat' dir='ltr'><strong>spectant</strong></span> <span class='ocrx_word' id='word_1_176' title='bbox 461 2233 499 2294; x_wconf 86' lang='lat' dir='ltr'><strong>de</strong></span> <span class='ocrx_word' id='word_1_177' title='bbox 523 2231 643 2314; x_wconf 90' lang='lat' dir='ltr'><strong>quibus</strong></span> <span class='ocrx_word' id='word_1_178' title='bbox 662 2231 901 2313; x_wconf 86' lang='lat' dir='ltr'><strong>jamhabetur</strong></span> <span class='ocrx_word' id='word_1_179' title='bbox 917 2231 1064 2294; x_wconf 86' lang='lat' dir='ltr'><strong>exterior</strong></span> <span class='ocrx_word' id='word_1_180' title='bbox 1090 2227 1237 2313; x_wconf 90' lang='lat' dir='ltr'><strong>suspicio</strong></span> <span class='ocrx_word' id='word_1_181' title='bbox 1300 2282 1303 2287; x_wconf 89' lang='lat'><em>.</em></span> 
     </span>
    </p>
   </div>
   <div class='ocr_carea' id='block_1_9' title="bbox 105 2313 1236 2560">
    <p class='ocr_par' dir='ltr' id='par_1_12' title="bbox 105 2313 1236 2560">
     <span class='ocr_line' id='line_1_32' title="bbox 105 2313 748 2398; baseline 0.003 -24"><span class='ocrx_word' id='word_1_182' title='bbox 105 2382 108 2385; x_wconf 48' lang='grc'>,</span> <span class='ocrx_word' id='word_1_183' title='bbox 151 2334 236 2396; x_wconf 88' lang='lat' dir='ltr'><strong>qnae</strong></span> <span class='ocrx_word' id='word_1_184' title='bbox 262 2335 404 2398; x_wconf 88' lang='lat' dir='ltr'><strong>causam</strong></span> <span class='ocrx_word' id='word_1_185' title='bbox 425 2316 480 2378; x_wconf 89' lang='lat' dir='ltr'><strong>det</strong></span> <span class='ocrx_word' id='word_1_186' title='bbox 503 2313 748 2394; x_wconf 70' lang='lat' dir='ltr'><strong>interrogandi</strong></span> 
     </span>
     <span class='ocr_line' id='line_1_33' title="bbox 193 2392 1234 2480; baseline 0 -22"><span class='ocrx_word' id='word_1_187' title='bbox 193 2402 223 2477; x_wconf 87' lang='lat' dir='ltr'><strong>c)</strong></span> <span class='ocrx_word' id='word_1_188' title='bbox 241 2397 290 2460; x_wconf 81' lang='lat' dir='ltr'><strong>Ab</strong></span> <span class='ocrx_word' id='word_1_189' title='bbox 304 2397 567 2480; x_wconf 85' lang='lat' dir='ltr'><strong>interrogatione</strong></span> <span class='ocrx_word' id='word_1_190' title='bbox 578 2402 719 2478; x_wconf 77' lang='lat' dir='ltr'><strong>paterna,</strong></span> <span class='ocrx_word' id='word_1_191' title='bbox 735 2415 799 2460; x_wconf 88' lang='lat' dir='ltr'><strong>non</strong></span> <span class='ocrx_word' id='word_1_192' title='bbox 815 2401 884 2458; x_wconf 91' lang='lat' dir='ltr'><strong>tam</strong></span> <span class='ocrx_word' id='word_1_193' title='bbox 897 2395 963 2458; x_wconf 89' lang='lat' dir='ltr'><strong>fine</strong></span> <span class='ocrx_word' id='word_1_194' title='bbox 976 2414 1076 2475; x_wconf 90' lang='lat' dir='ltr'><strong>quam</strong></span> <span class='ocrx_word' id='word_1_195' title='bbox 1089 2392 1234 2475; x_wconf 83' lang='lat' dir='ltr'><strong>objecto.</strong></span> 
     </span>
     <span class='ocr_line' id='line_1_34' title="bbox 152 2477 1236 2560; baseline -0.006 -16"><span class='ocrx_word' id='word_1_196' title='bbox 152 2481 303 2560; x_wconf 89' lang='lat' dir='ltr'><strong>Utraque</strong></span> <span class='ocrx_word' id='word_1_197' title='bbox 318 2483 405 2544; x_wconf 87' lang='lat' dir='ltr'><strong>enim</strong></span> <span class='ocrx_word' id='word_1_198' title='bbox 423 2480 564 2546; x_wconf 88' lang='lat' dir='ltr'><strong>intendit</strong></span> <span class='ocrx_word' id='word_1_199' title='bbox 587 2480 710 2544; x_wconf 89' lang='lat' dir='ltr'><strong>bonnm</strong></span> <span class='ocrx_word' id='word_1_200' title='bbox 728 2478 864 2556; x_wconf 88' lang='lat' dir='ltr'><strong>subditi,</strong></span> <span class='ocrx_word' id='word_1_201' title='bbox 881 2478 937 2542; x_wconf 88' lang='lat' dir='ltr'><strong>sed</strong></span> <span class='ocrx_word' id='word_1_202' title='bbox 955 2484 1050 2558; x_wconf 91' lang='lat' dir='ltr'><strong>pater</strong></span> <span class='ocrx_word' id='word_1_203' title='bbox 1067 2496 1134 2538; x_wconf 89' lang='lat' dir='ltr'><strong>non</strong></span> <span class='ocrx_word' id='word_1_204' title='bbox 1150 2477 1236 2538; x_wconf 86' lang='lat' dir='ltr'><strong>solet</strong></span> 
     </span>
    </p>
   </div>
   <div class='ocr_carea' id='block_1_10' title="bbox 150 2559 1236 2812">
    <p class='ocr_par' dir='ltr' id='par_1_13' title="bbox 150 2559 1236 2812">
     <span class='ocr_line' id='line_1_35' title="bbox 150 2559 1235 2646; baseline -0.006 -22"><span class='ocrx_word' id='word_1_205' title='bbox 150 2563 265 2625; x_wconf 80' lang='lat' dir='ltr'><strong>scitari</strong></span> <span class='ocrx_word' id='word_1_206' title='bbox 288 2563 391 2627; x_wconf 87' lang='lat' dir='ltr'><strong>filium</strong></span> <span class='ocrx_word' id='word_1_207' title='bbox 414 2563 477 2637; x_wconf 79' lang='lat' dir='ltr'><strong>nisi</strong></span> <span class='ocrx_word' id='word_1_208' title='bbox 500 2583 585 2646; x_wconf 85' lang='lat' dir='ltr'><strong>qnae</strong></span> <span class='ocrx_word' id='word_1_209' title='bbox 609 2582 668 2644; x_wconf 87' lang='lat' dir='ltr'><strong>per</strong></span> <span class='ocrx_word' id='word_1_210' title='bbox 692 2583 728 2624; x_wconf 91' lang='lat' dir='ltr'><strong>se</strong></span> <span class='ocrx_word' id='word_1_211' title='bbox 747 2561 895 2625; x_wconf 84' lang='lat' dir='ltr'><strong>exterius</strong></span> <span class='ocrx_word' id='word_1_212' title='bbox 920 2559 1077 2642; x_wconf 90' lang='lat' dir='ltr'><strong>cognosci</strong></span> <span class='ocrx_word' id='word_1_213' title='bbox 1094 2560 1235 2640; x_wconf 89' lang='lat' dir='ltr'><strong>possint,</strong></span> 
     </span>
     <span class='ocr_line' id='line_1_36' title="bbox 151 2642 1236 2728; baseline -0.005 -21"><span class='ocrx_word' id='word_1_214' title='bbox 151 2647 228 2714; x_wconf 89' lang='lat' dir='ltr'><strong>dum</strong></span> <span class='ocrx_word' id='word_1_215' title='bbox 247 2646 300 2708; x_wconf 91' lang='lat' dir='ltr'><strong>hic</strong></span> <span class='ocrx_word' id='word_1_216' title='bbox 317 2647 445 2726; x_wconf 86' lang='lat' dir='ltr'><strong>plenior</strong></span> <span class='ocrx_word' id='word_1_217' title='bbox 460 2646 497 2714; x_wconf 90' lang='lat' dir='ltr'><strong>fit</strong></span> <span class='ocrx_word' id='word_1_218' title='bbox 513 2646 772 2710; x_wconf 88' lang='lat' dir='ltr'><strong>communicatio</strong></span> <span class='ocrx_word' id='word_1_219' title='bbox 785 2651 822 2706; x_wconf 92' lang='lat' dir='ltr'><strong>ut</strong></span> <span class='ocrx_word' id='word_1_220' title='bbox 837 2643 966 2728; x_wconf 87' lang='lat' dir='ltr'><strong>plenior</strong></span> <span class='ocrx_word' id='word_1_221' title='bbox 982 2643 1025 2706; x_wconf 90' lang='lat' dir='ltr'><strong>sit</strong></span> <span class='ocrx_word' id='word_1_222' title='bbox 1041 2642 1236 2726; x_wconf 85' lang='lat' dir='ltr'><strong>procuratio</strong></span> 
     </span>
     <span class='ocr_line' id='line_1_37' title="bbox 151 2728 441 2812; baseline 0.007 -23"><span class='ocrx_word' id='word_1_223' title='bbox 151 2728 227 2790; x_wconf 90' lang='lat' dir='ltr'><strong>boni</strong></span> <span class='ocrx_word' id='word_1_224' title='bbox 246 2729 441 2812; x_wconf 88' lang='lat' dir='ltr'><strong>spiritualis.</strong></span> 
     </span>
    </p>
   </div>
   <div class='ocr_carea' id='block_1_11' title="bbox 248 2891 1135 2977">
    <p class='ocr_par' dir='ltr' id='par_1_14' title="bbox 248 2891 1135 2977">
     <span class='ocr_line' id='line_1_38' title="bbox 248 2891 1135 2977; baseline -0.002 -19"><span class='ocrx_word' id='word_1_225' title='bbox 248 2910 440 2958; x_wconf 73' lang='lat' dir='ltr'><strong>laricanus</strong></span> <span class='ocrx_word' id='word_1_226' title='bbox 462 2913 499 2958; x_wconf 92' lang='lat' dir='ltr'><strong>n.</strong></span> <span class='ocrx_word' id='word_1_227' title='bbox 523 2897 543 2960; x_wconf 82' lang='grc' dir='ltr'>Α</span> <span class='ocrx_word' id='word_1_228' title='bbox 565 2896 744 2977; x_wconf 79' lang='lat' dir='ltr'><strong>quibusnam</strong></span> <span class='ocrx_word' id='word_1_229' title='bbox 769 2895 843 2961; x_wconf 85' lang='lat' dir='ltr'><strong>haec</strong></span> <span class='ocrx_word' id='word_1_230' title='bbox 865 2911 938 2961; x_wconf 84' lang='lat' dir='ltr'><strong>cura</strong></span> <span class='ocrx_word' id='word_1_231' title='bbox 959 2891 1135 2959; x_wconf 83' lang='lat' dir='ltr'><strong>exerceatur</strong></span> 
     </span>
    </p>
   </div>
   <div class='ocr_carea' id='block_1_12' title="bbox 94 3051 1238 3624">
    <p class='ocr_par' dir='ltr' id='par_1_15' title="bbox 94 3051 1238 3624">
     <span class='ocr_line' id='line_1_39' title="bbox 192 3051 1237 3128; baseline -0.005 -12"><span class='ocrx_word' id='word_1_232' title='bbox 192 3055 283 3116; x_wconf 87' lang='grc'><strong>490.</strong></span> <span class='ocrx_word' id='word_1_233' title='bbox 301 3053 339 3113; x_wconf 87' lang='lat' dir='ltr'><strong>ln</strong></span> <span class='ocrx_word' id='word_1_234' title='bbox 356 3055 541 3114; x_wconf 85' lang='lat' dir='ltr'><strong>Institutis</strong></span> <span class='ocrx_word' id='word_1_235' title='bbox 562 3055 784 3118; x_wconf 85' lang='lat' dir='ltr'><strong>clericorum.</strong></span> <span class='ocrx_word' id='word_1_236' title='bbox 802 3055 921 3116; x_wconf 86' lang='lat' dir='ltr'><strong>Partes</strong></span> <span class='ocrx_word' id='word_1_237' title='bbox 938 3052 1020 3112; x_wconf 82' lang='lat' dir='ltr'><strong>istas</strong></span> <span class='ocrx_word' id='word_1_238' title='bbox 1037 3051 1114 3124; x_wconf 83' lang='lat' dir='ltr'><strong>iam,</strong></span> <span class='ocrx_word' id='word_1_239' title='bbox 1132 3069 1237 3128; x_wconf 82' lang='lat' dir='ltr'><strong>quan·</strong></span> 
     </span>
     <span class='ocr_line' id='line_1_40' title="bbox 153 3132 1238 3216; baseline -0.004 -20"><span class='ocrx_word' id='word_1_240' title='bbox 153 3142 223 3197; x_wconf 87' lang='lat' dir='ltr'><strong>turn</strong></span> <span class='ocrx_word' id='word_1_241' title='bbox 239 3153 323 3216; x_wconf 90' lang='lat' dir='ltr'><strong>opus</strong></span> <span class='ocrx_word' id='word_1_242' title='bbox 335 3141 397 3212; x_wconf 88' lang='lat' dir='ltr'><strong>est,</strong></span> <span class='ocrx_word' id='word_1_243' title='bbox 412 3155 584 3196; x_wconf 89' lang='lat' dir='ltr'><strong>assumere</strong></span> <span class='ocrx_word' id='word_1_244' title='bbox 597 3137 681 3196; x_wconf 89' lang='lat' dir='ltr'><strong>solet</strong></span> <span class='ocrx_word' id='word_1_245' title='bbox 695 3135 919 3215; x_wconf 78' lang='lat' dir='ltr'><strong>Confessarins,</strong></span> <span class='ocrx_word' id='word_1_246' title='bbox 932 3133 1080 3214; x_wconf 73' lang='lat' dir='ltr'><strong>Proprias</strong></span> <span class='ocrx_word' id='word_1_247' title='bbox 1092 3132 1238 3212; x_wconf 74' lang='lat' dir='ltr'><strong>Superior</strong></span> 
     </span>
     <span class='ocr_line' id='line_1_41' title="bbox 153 3213 1236 3298; baseline -0.003 -20"><span class='ocrx_word' id='word_1_248' title='bbox 153 3219 335 3298; x_wconf 88' lang='lat' dir='ltr'><strong>prudenter</strong></span> <span class='ocrx_word' id='word_1_249' title='bbox 357 3218 444 3278; x_wconf 85' lang='lat' dir='ltr'><strong>hanc</strong></span> <span class='ocrx_word' id='word_1_250' title='bbox 467 3218 675 3296; x_wconf 89' lang='lat' dir='ltr'><strong>spiritualem</strong></span> <span class='ocrx_word' id='word_1_251' title='bbox 701 3237 819 3298; x_wconf 87' lang='lat' dir='ltr'><strong>gerere</strong></span> <span class='ocrx_word' id='word_1_252' title='bbox 847 3237 963 3278; x_wconf 88' lang='lat' dir='ltr'><strong>curam</strong></span> <span class='ocrx_word' id='word_1_253' title='bbox 1002 3215 1157 3277; x_wconf 90' lang='lat' dir='ltr'><strong>omnibus</strong></span> <span class='ocrx_word' id='word_1_254' title='bbox 1185 3213 1236 3278; x_wconf 91' lang='lat' dir='ltr'><strong>his</strong></span> 
     </span>
     <span class='ocr_line' id='line_1_42' title="bbox 94 3295 1237 3380; baseline -0.005 -18"><span class='ocrx_word' id='word_1_255' title='bbox 94 3323 97 3329; x_wconf 94' lang='lat'>·</span> <span class='ocrx_word' id='word_1_256' title='bbox 152 3301 267 3362; x_wconf 85' lang='lat' dir='ltr'><strong>mediis</strong></span> <span class='ocrx_word' id='word_1_257' title='bbox 294 3320 360 3362; x_wconf 90' lang='lat' dir='ltr'><strong>non</strong></span> <span class='ocrx_word' id='word_1_258' title='bbox 387 3299 596 3380; x_wconf 86' lang='lat' dir='ltr'><strong>prohibetur.</strong></span> <span class='ocrx_word' id='word_1_259' title='bbox 624 3301 718 3362; x_wconf 89' lang='lat' dir='ltr'><strong>Haec</strong></span> <span class='ocrx_word' id='word_1_260' title='bbox 745 3313 859 3362; x_wconf 82' lang='lat' dir='ltr'><strong>autem</strong></span> <span class='ocrx_word' id='word_1_261' title='bbox 888 3319 952 3359; x_wconf 90' lang='lat' dir='ltr'><strong>non</strong></span> <span class='ocrx_word' id='word_1_262' title='bbox 980 3305 1032 3358; x_wconf 90' lang='lat' dir='ltr'><strong>est</strong></span> <span class='ocrx_word' id='word_1_263' title='bbox 1063 3295 1237 3378; x_wconf 90' lang='lat' dir='ltr'><strong>provincia</strong></span> 
     </span>
     <span class='ocr_line' id='line_1_43' title="bbox 152 3380 1236 3464; baseline -0.006 -19"><span class='ocrx_word' id='word_1_264' title='bbox 152 3382 311 3464; x_wconf 90' lang='lat' dir='ltr'><strong>Episcopi</strong></span> <span class='ocrx_word' id='word_1_265' title='bbox 335 3390 357 3461; x_wconf 89' lang='lat'><strong>¹,</strong></span> <span class='ocrx_word' id='word_1_266' title='bbox 382 3401 490 3462; x_wconf 88' lang='lat' dir='ltr'><strong>neque</strong></span> <span class='ocrx_word' id='word_1_267' title='bbox 516 3383 588 3463; x_wconf 79' lang='lat' dir='ltr'><strong>ejus</strong></span> <span class='ocrx_word' id='word_1_268' title='bbox 616 3382 771 3463; x_wconf 87' lang='lat' dir='ltr'><strong>delegati,</strong></span> <span class='ocrx_word' id='word_1_269' title='bbox 800 3382 888 3463; x_wconf 89' lang='lat' dir='ltr'><strong>quod</strong></span> <span class='ocrx_word' id='word_1_270' title='bbox 915 3382 957 3444; x_wconf 92' lang='lat' dir='ltr'><strong>ad</strong></span> <span class='ocrx_word' id='word_1_271' title='bbox 982 3380 1142 3442; x_wconf 87' lang='lat' dir='ltr'><strong>Instituta</strong></span> <span class='ocrx_word' id='word_1_272' title='bbox 1169 3398 1236 3438; x_wconf 89' lang='lat' dir='ltr'><strong>non</strong></span> 
     </span>
     <span class='ocr_line' id='line_1_44' title="bbox 152 3459 1238 3546; baseline -0.005 -19"><span class='ocrx_word' id='word_1_273' title='bbox 152 3466 362 3527; x_wconf 80' lang='lat' dir='ltr'><strong>dioecesana.</strong></span> <span class='ocrx_word' id='word_1_274' title='bbox 381 3466 417 3526; x_wconf 92' lang='lat' dir='ltr'><strong>ln</strong></span> <span class='ocrx_word' id='word_1_275' title='bbox 430 3465 648 3542; x_wconf 88' lang='lat' dir='ltr'><strong>dioecesanis,</strong></span> <span class='ocrx_word' id='word_1_276' title='bbox 663 3477 780 3546; x_wconf 84' lang='lat' dir='ltr'><strong>sponte</strong></span> <span class='ocrx_word' id='word_1_277' title='bbox 795 3465 836 3527; x_wconf 89' lang='lat' dir='ltr'><strong>ad</strong></span> <span class='ocrx_word' id='word_1_278' title='bbox 850 3465 957 3546; x_wconf 89' lang='lat' dir='ltr'><strong>ipsum</strong></span> <span class='ocrx_word' id='word_1_279' title='bbox 970 3463 1130 3524; x_wconf 81' lang='lat' dir='ltr'><strong>adeuntes</strong></span> <span class='ocrx_word' id='word_1_280' title='bbox 1144 3459 1238 3541; x_wconf 82' lang='lat' dir='ltr'><strong>adju·</strong></span> 
     </span>
     <span class='ocr_line' id='line_1_45' title="bbox 152 3544 1237 3624; baseline -0.005 -16"><span class='ocrx_word' id='word_1_281' title='bbox 152 3568 233 3609; x_wconf 90' lang='lat' dir='ltr'><strong>vare</strong></span> <span class='ocrx_word' id='word_1_282' title='bbox 263 3567 330 3610; x_wconf 89' lang='lat' dir='ltr'><strong>non</strong></span> <span class='ocrx_word' id='word_1_283' title='bbox 359 3547 577 3624; x_wconf 89' lang='lat' dir='ltr'><strong>prohibetur;</strong></span> <span class='ocrx_word' id='word_1_284' title='bbox 597 3555 632 3608; x_wconf 90' lang='lat' dir='ltr'><strong>ut</strong></span> <span class='ocrx_word' id='word_1_285' title='bbox 669 3555 780 3609; x_wconf 90' lang='lat' dir='ltr'><strong>autem</strong></span> <span class='ocrx_word' id='word_1_286' title='bbox 813 3549 979 3608; x_wconf 88' lang='lat' dir='ltr'><strong>rationem</strong></span> <span class='ocrx_word' id='word_1_287' title='bbox 1009 3544 1237 3606; x_wconf 87' lang='lat' dir='ltr'><strong>conscientiae</strong></span> 
     </span>
    </p>
   </div>
   <div class='ocr_carea' id='block_1_13' title="bbox 1292 2366 1452 2560">
    <p class='ocr_par' dir='ltr' id='par_1_16' title="bbox 1292 2366 1452 2560">
     <span class='ocr_line' id='line_1_46' title="bbox 1314 2366 1452 2448; baseline -0.022 -6"><span class='ocrx_word' id='word_1_288' title='bbox 1314 2366 1452 2448; x_wconf 78' lang='lat' dir='ltr'><strong>interroga·</strong></span> 
     </span>
     <span class='ocr_line' id='line_1_47' title="bbox 1292 2454 1447 2512; baseline -0.019 -12"><span class='ocrx_word' id='word_1_289' title='bbox 1292 2454 1364 2500; x_wconf 80' lang='lat' dir='ltr'><strong>tionis</strong></span> <span class='ocrx_word' id='word_1_290' title='bbox 1372 2455 1447 2512; x_wconf 77' lang='lat' dir='ltr'><strong>poter·</strong></span> 
     </span>
     <span class='ocr_line' id='line_1_48' title="bbox 1292 2525 1344 2560; baseline -0.019 0"><span class='ocrx_word' id='word_1_291' title='bbox 1292 2525 1344 2560; x_wconf 82' lang='lat' dir='ltr'><strong>nae.</strong></span> 
     </span>
    </p>
   </div>
   <div class='ocr_carea' id='block_1_14' title="bbox 1322 3075 1441 3136">
    <p class='ocr_par' dir='ltr' id='par_1_17' title="bbox 1322 3075 1441 3136">
     <span class='ocr_line' id='line_1_49' title="bbox 1322 3075 1441 3136; baseline -0.017 -14"><span class='ocrx_word' id='word_1_292' title='bbox 1322 3075 1441 3136; x_wconf 81' lang='lat' dir='ltr'><strong>Quisnam</strong></span> 
     </span>
    </p>
   </div>
   <div class='ocr_carea' id='block_1_15' title="bbox 1281 3133 1451 3181">
    <p class='ocr_par' dir='ltr' id='par_1_18' title="bbox 1281 3133 1451 3181">
     <span class='ocr_line' id='line_1_50' title="bbox 1281 3133 1451 3181; baseline -0.018 0"><span class='ocrx_word' id='word_1_293' title='bbox 1281 3133 1451 3181; x_wconf 79' lang='lat' dir='ltr'><strong>&#39;interelericos</strong></span> 
     </span>
    </p>
   </div>
   <div class='ocr_carea' id='block_1_16' title="bbox 1291 3189 1456 3358">
    <p class='ocr_par' dir='ltr' id='par_1_19' title="bbox 1291 3189 1456 3358">
     <span class='ocr_line' id='line_1_51' title="bbox 1291 3189 1437 3250; baseline -0.014 -12"><span class='ocrx_word' id='word_1_294' title='bbox 1291 3189 1437 3250; x_wconf 73' lang='lat' dir='ltr'><strong>spiritualem</strong></span> 
     </span>
     <span class='ocr_line' id='line_1_52' title="bbox 1292 3255 1456 3300; baseline -0.024 -1"><span class='ocrx_word' id='word_1_295' title='bbox 1292 3255 1352 3300; x_wconf 76' lang='lat' dir='ltr'><strong>letne</strong></span> <span class='ocrx_word' id='word_1_296' title='bbox 1375 3263 1456 3297; x_wconf 84' lang='lat' dir='ltr'><strong>caram</strong></span> 
     </span>
     <span class='ocr_line' id='line_1_53' title="bbox 1292 3307 1415 3358; baseline -0.024 -2"><span class='ocrx_word' id='word_1_297' title='bbox 1292 3313 1393 3358; x_wconf 73' lang='lat' dir='ltr'><strong>exerceat</strong></span> <span class='ocrx_word' id='word_1_298' title='bbox 1402 3307 1415 3353; x_wconf 68' lang='grc' dir='ltr'><strong><em>ἓ</em></strong></span> 
     </span>
    </p>
   </div>
   <div class='ocr_carea' id='block_1_17' title="bbox 153 3624 1305 3713">
    <p class='ocr_par' dir='ltr' id='par_1_20' title="bbox 153 3624 1305 3713">
     <span class='ocr_line' id='line_1_54' title="bbox 153 3624 1305 3713; baseline -0.003 -21"><span class='ocrx_word' id='word_1_299' title='bbox 153 3639 323 3712; x_wconf 87' lang='lat' dir='ltr'><strong>exposcat,</strong></span> <span class='ocrx_word' id='word_1_300' title='bbox 334 3629 572 3692; x_wconf 90' lang='lat' dir='ltr'><strong>videturnobis</strong></span> <span class='ocrx_word' id='word_1_301' title='bbox 584 3649 668 3710; x_wconf 90' lang='lat' dir='ltr'><strong>opus</strong></span> <span class='ocrx_word' id='word_1_302' title='bbox 680 3649 753 3698; x_wconf 86' lang='lat' dir='ltr'><strong>esse</strong></span> <span class='ocrx_word' id='word_1_303' title='bbox 763 3638 800 3691; x_wconf 91' lang='lat' dir='ltr'><strong>ut</strong></span> <span class='ocrx_word' id='word_1_304' title='bbox 812 3629 915 3710; x_wconf 89' lang='lat' dir='ltr'><strong>ipsius</strong></span> <span class='ocrx_word' id='word_1_305' title='bbox 927 3627 1077 3691; x_wconf 90' lang='lat' dir='ltr'><strong>Instituti</strong></span> <span class='ocrx_word' id='word_1_306' title='bbox 1090 3627 1132 3688; x_wconf 86' lang='lat' dir='ltr'><strong>sit</strong></span> <span class='ocrx_word' id='word_1_307' title='bbox 1143 3624 1237 3706; x_wconf 90' lang='lat' dir='ltr'><strong>quasi</strong></span> <span class='ocrx_word' id='word_1_308' title='bbox 1303 3709 1305 3713; x_wconf 23' lang='grc' dir='ltr'>Ι</span> 
     </span>
    </p>
   </div>
   <div class='ocr_carea' id='block_1_18' title="bbox 153 3711 1239 4290">
    <p class='ocr_par' dir='ltr' id='par_1_21' title="bbox 153 3711 1239 4290">
     <span class='ocr_line' id='line_1_55' title="bbox 153 3711 1170 3795; baseline -0.004 -21"><span class='ocrx_word' id='word_1_309' title='bbox 153 3713 355 3774; x_wconf 92' lang='lat' dir='ltr'><strong>domesticus</strong></span> <span class='ocrx_word' id='word_1_310' title='bbox 372 3712 545 3795; x_wconf 88' lang='lat' dir='ltr'><strong>Superior,</strong></span> <span class='ocrx_word' id='word_1_311' title='bbox 570 3712 777 3774; x_wconf 90' lang='lat' dir='ltr'><strong>dominativa</strong></span> <span class='ocrx_word' id='word_1_312' title='bbox 800 3714 928 3786; x_wconf 88' lang='lat' dir='ltr'><strong>pollens</strong></span> <span class='ocrx_word' id='word_1_313' title='bbox 953 3711 1170 3776; x_wconf 88' lang='lat' dir='ltr'><strong>auctoritate.</strong></span> 
     </span>
     <span class='ocr_line' id='line_1_56' title="bbox 193 3795 1236 3868; baseline -0.005 -9"><span class='ocrx_word' id='word_1_314' title='bbox 193 3796 282 3859; x_wconf 83' lang='lat'><strong>491.</strong></span> <span class='ocrx_word' id='word_1_315' title='bbox 306 3795 346 3857; x_wconf 92' lang='lat' dir='ltr'><strong>In</strong></span> <span class='ocrx_word' id='word_1_316' title='bbox 370 3795 549 3857; x_wconf 81' lang='lat' dir='ltr'><strong>institutis</strong></span> <span class='ocrx_word' id='word_1_317' title='bbox 572 3797 763 3857; x_wconf 86' lang='lat' dir='ltr'><strong>laicalibus</strong></span> <span class='ocrx_word' id='word_1_318' title='bbox 778 3797 935 3858; x_wconf 90' lang='lat' dir='ltr'><strong>virorum</strong></span> <span class='ocrx_word' id='word_1_319' title='bbox 952 3795 1011 3856; x_wconf 87' lang='lat' dir='ltr'><strong>vel</strong></span> <span class='ocrx_word' id='word_1_320' title='bbox 1032 3795 1236 3868; x_wconf 85' lang='lat' dir='ltr'><strong>mulierum,</strong></span> 
     </span>
     <span class='ocr_line' id='line_1_57' title="bbox 157 3873 1238 3959; baseline 0 -23"><span class='ocrx_word' id='word_1_321' title='bbox 157 3898 183 3938; x_wconf 91' lang='lat'><strong>1.</strong></span> <span class='ocrx_word' id='word_1_322' title='bbox 202 3878 350 3939; x_wconf 87' lang='lat' dir='ltr'><strong>Paterna</strong></span> <span class='ocrx_word' id='word_1_323' title='bbox 366 3877 530 3956; x_wconf 88' lang='lat' dir='ltr'><strong>quaedam</strong></span> <span class='ocrx_word' id='word_1_324' title='bbox 543 3877 731 3940; x_wconf 88' lang='lat' dir='ltr'><strong>sollicitudo</strong></span> <span class='ocrx_word' id='word_1_325' title='bbox 747 3876 930 3959; x_wconf 87' lang='lat' dir='ltr'><strong>spiritualis</strong></span> <span class='ocrx_word' id='word_1_326' title='bbox 947 3895 1012 3938; x_wconf 92' lang='lat' dir='ltr'><strong>non</strong></span> <span class='ocrx_word' id='word_1_327' title='bbox 1029 3882 1080 3938; x_wconf 90' lang='lat' dir='ltr'><strong>est</strong></span> <span class='ocrx_word' id='word_1_328' title='bbox 1095 3895 1115 3937; x_wconf 92' lang='lat' dir='ltr'><strong>a</strong></span> <span class='ocrx_word' id='word_1_329' title='bbox 1132 3873 1238 3952; x_wconf 90' lang='lat' dir='ltr'><strong>Supe-</strong></span> 
     </span>
     <span class='ocr_line' id='line_1_58' title="bbox 154 3959 552 4040; baseline 0.005 -20"><span class='ocrx_word' id='word_1_330' title='bbox 154 3960 300 4020; x_wconf 88' lang='lat' dir='ltr'><strong>rioribus</strong></span> <span class='ocrx_word' id='word_1_331' title='bbox 317 3959 552 4040; x_wconf 88' lang='lat' dir='ltr'><strong>abjudicanda.</strong></span> 
     </span>
     <span class='ocr_line' id='line_1_59' title="bbox 195 4038 1238 4123; baseline -0.004 -20"><span class='ocrx_word' id='word_1_332' title='bbox 195 4064 224 4103; x_wconf 91' lang='lat'><strong>2.</strong></span> <span class='ocrx_word' id='word_1_333' title='bbox 249 4041 297 4102; x_wconf 87' lang='lat' dir='ltr'><strong>Ad</strong></span> <span class='ocrx_word' id='word_1_334' title='bbox 320 4041 409 4121; x_wconf 91' lang='lat' dir='ltr'><strong>ipsos</strong></span> <span class='ocrx_word' id='word_1_335' title='bbox 432 4043 535 4104; x_wconf 89' lang='lat' dir='ltr'><strong>etiam</strong></span> <span class='ocrx_word' id='word_1_336' title='bbox 557 4047 688 4123; x_wconf 85' lang='lat' dir='ltr'><strong>spectat</strong></span> <span class='ocrx_word' id='word_1_337' title='bbox 711 4042 868 4104; x_wconf 88' lang='lat' dir='ltr'><strong>ordinare</strong></span> <span class='ocrx_word' id='word_1_338' title='bbox 891 4061 977 4122; x_wconf 90' lang='lat' dir='ltr'><strong>quae</strong></span> <span class='ocrx_word' id='word_1_339' title='bbox 1001 4039 1042 4102; x_wconf 91' lang='lat' dir='ltr'><strong>ad</strong></span> <span class='ocrx_word' id='word_1_340' title='bbox 1059 4038 1238 4103; x_wconf 77' lang='lat' dir='ltr'><strong>exteriorem</strong></span> 
     </span>
     <span class='ocr_line' id='line_1_60' title="bbox 153 4121 1239 4207; baseline 0 -25"><span class='ocrx_word' id='word_1_341' title='bbox 153 4121 347 4202; x_wconf 73' lang='lat' dir='ltr'><strong>disciplinam</strong></span> <span class='ocrx_word' id='word_1_342' title='bbox 372 4125 607 4204; x_wconf 87' lang='lat' dir='ltr'><strong>quadantenus</strong></span> <span class='ocrx_word' id='word_1_343' title='bbox 630 4125 787 4187; x_wconf 86' lang='lat' dir='ltr'><strong>attinent.</strong></span> <span class='ocrx_word' id='word_1_344' title='bbox 813 4124 1015 4207; x_wconf 88' lang='lat' dir='ltr'><strong>Hujusmodi</strong></span> <span class='ocrx_word' id='word_1_345' title='bbox 1041 4129 1120 4184; x_wconf 93' lang='lat' dir='ltr'><strong>sunt</strong></span> <span class='ocrx_word' id='word_1_346' title='bbox 1147 4122 1239 4203; x_wconf 90' lang='lat' dir='ltr'><strong>ipsae</strong></span> 
     </span>
     <span class='ocr_line' id='line_1_61' title="bbox 153 4204 1239 4290; baseline 0.002 -25"><span class='ocrx_word' id='word_1_347' title='bbox 153 4204 560 4286; x_wconf 76' lang='lat' dir='ltr'><strong>corporisaffllctationes‚</strong></span> <span class='ocrx_word' id='word_1_348' title='bbox 579 4206 765 4289; x_wconf 87' lang='lat' dir='ltr'><strong>designatio</strong></span> <span class='ocrx_word' id='word_1_349' title='bbox 781 4206 943 4290; x_wconf 87' lang='lat' dir='ltr'><strong>librorum</strong></span> <span class='ocrx_word' id='word_1_350' title='bbox 954 4209 1011 4288; x_wconf 90' lang='lat' dir='ltr'><strong>qui</strong></span> <span class='ocrx_word' id='word_1_351' title='bbox 1024 4206 1087 4287; x_wconf 90' lang='lat' dir='ltr'><strong>legi</strong></span> <span class='ocrx_word' id='word_1_352' title='bbox 1096 4205 1239 4289; x_wconf 89' lang='lat' dir='ltr'><strong>possint.</strong></span> 
     </span>
    </p>
   </div>
   <div class='ocr_carea' id='block_1_19' title="bbox 181 4411 669 4472">
    <p class='ocr_par' dir='ltr' id='par_1_22' title="bbox 181 4411 669 4472">
     <span class='ocr_line' id='line_1_62' title="bbox 181 4411 669 4472; baseline 0 -10"><span class='ocrx_word' id='word_1_353' title='bbox 181 4412 187 4448; x_wconf 88' lang='lat'>¹</span> <span class='ocrx_word' id='word_1_354' title='bbox 199 4413 230 4462; x_wconf 84' lang='lat' dir='ltr'><strong>C.</strong></span> <span class='ocrx_word' id='word_1_355' title='bbox 244 4411 383 4460; x_wconf 83' lang='lat' dir='ltr'><strong>Cendilaee</strong></span> <span class='ocrx_word' id='word_1_356' title='bbox 396 4413 506 4472; x_wconf 80' lang='lat' dir='ltr'><strong>Christo,</strong></span> <span class='ocrx_word' id='word_1_357' title='bbox 518 4427 543 4462; x_wconf 92' lang='lat' dir='ltr'><strong>c.</strong></span> <span class='ocrx_word' id='word_1_358' title='bbox 557 4433 578 4470; x_wconf 85' lang='lat'><strong>2,</strong></span> <span class='ocrx_word' id='word_1_359' title='bbox 593 4429 617 4462; x_wconf 92' lang='lat' dir='ltr'><strong>n.</strong></span> <span class='ocrx_word' id='word_1_360' title='bbox 635 4432 669 4462; x_wconf 85' lang='lat'><strong>11.</strong></span> 
     </span>
    </p>
   </div>
   <div class='ocr_carea' id='block_1_20' title="bbox 1294 3813 1456 4154">
    <p class='ocr_par' dir='ltr' id='par_1_23' title="bbox 1294 3813 1456 4154">
     <span class='ocr_line' id='line_1_63' title="bbox 1322 3813 1455 3862; baseline -0.038 0"><span class='ocrx_word' id='word_1_361' title='bbox 1322 3814 1354 3862; x_wconf 81' lang='lat' dir='ltr'><strong>In</strong></span> <span class='ocrx_word' id='word_1_362' title='bbox 1378 3813 1455 3860; x_wconf 78' lang='lat' dir='ltr'><strong>Insti-</strong></span> 
     </span>
     <span class='ocr_line' id='line_1_64' title="bbox 1294 3869 1456 3920; baseline -0.006 -1"><span class='ocrx_word' id='word_1_363' title='bbox 1294 3875 1350 3920; x_wconf 79' lang='lat' dir='ltr'><strong>tnlr&#39;s</strong></span> <span class='ocrx_word' id='word_1_364' title='bbox 1386 3869 1456 3918; x_wconf 77' lang='lat' dir='ltr'><strong>laico·</strong></span> 
     </span>
     <span class='ocr_line' id='line_1_65' title="bbox 1294 3943 1427 3988; baseline -0.038 -10"><span class='ocrx_word' id='word_1_365' title='bbox 1294 3945 1355 3984; x_wconf 80' lang='lat' dir='ltr'><strong>rum,</strong></span> <span class='ocrx_word' id='word_1_366' title='bbox 1369 3943 1427 3988; x_wconf 83' lang='lat' dir='ltr'><strong>quae</strong></span> 
     </span>
     <span class='ocr_line' id='line_1_66' title="bbox 1294 3991 1456 4046; baseline -0.031 -10"><span class='ocrx_word' id='word_1_367' title='bbox 1294 4002 1351 4036; x_wconf 83' lang='lat' dir='ltr'><strong>cura</strong></span> <span class='ocrx_word' id='word_1_368' title='bbox 1369 3991 1456 4046; x_wconf 77' lang='lat' dir='ltr'><strong>compe·</strong></span> 
     </span>
     <span class='ocr_line' id='line_1_67' title="bbox 1296 4046 1456 4138; baseline 0.006 -45"><span class='ocrx_word' id='word_1_369' title='bbox 1296 4051 1338 4138; x_wconf 65' lang='lat' dir='ltr'><strong>leel2</strong></span> <span class='ocrx_word' id='word_1_370' title='bbox 1348 4046 1456 4106; x_wconf 78' lang='lat' dir='ltr'><strong>Superio-</strong></span> 
     </span>
     <span class='ocr_line' id='line_1_68' title="bbox 1295 4119 1331 4154; baseline 0.056 -3"><span class='ocrx_word' id='word_1_371' title='bbox 1295 4119 1331 4154; x_wconf 82' lang='lat' dir='ltr'><strong>rr.</strong></span> 
     </span>
    </p>
   </div>
   <div class='ocr_carea' id='block_1_21' title="bbox 0 0 1580 5014">
    <p class='ocr_par' dir='ltr' id='par_1_24' title="bbox 0 0 1580 5014">
     <span class='ocr_line' id='line_1_69' title="bbox 0 0 1580 5014; baseline 0 0"><span class='ocrx_word' id='word_1_372' title='bbox 0 0 1580 5014; x_wconf 95' lang='lat' dir='ltr'><strong> </strong></span> 
     </span>
    </p>
   </div>
  </div>
 </body>
</html>
