3148 5004
344 438 387 524 ιΒΞ
636 461 704 499 rans
718 460 839 510 punam.
855 459 950 496 suerro
965 461 983 495 1.
1002 461 1091 497 caeur
1106 462 1116 496 1

388 597 496 660 Multo
513 596 623 660 minus
638 597 762 675 obstat,
776 597 804 659 si
818 595 974 660 inferiore
987 596 1153 680 quispiam
1168 597 1433 678 affectuferatur

345 679 380 750 in
396 679 508 741 studia
523 700 543 741 a
559 681 628 743 vita
640 681 795 762 religiosa
812 679 931 757 aliena,
950 687 1163 748 cumcontra
1186 700 1226 743 eo
1249 681 1432 746 firmiorem

341 765 383 824 'se
399 762 607 840 demonstret
621 763 712 824 vitae
729 761 905 842 religiosae
917 762 1098 844 appetituS,
1114 781 1181 844 quo
1194 765 1303 828 minus
1316 771 1432 848 potue-

348 847 391 908 rit
408 845 472 906 hac
489 845 600 906 carnis
614 844 836 928 propensione
848 843 1019 907 debellari.

147 930 285 998 Vocqrronrs
392 928 686 993 130.1.Vocatio
711 926 861 988 obtinetur
885 947 960 988 cum
983 931 1024 988 e'x
1048 933 1181 1008 remota
1203 929 1241 991 fit
1262 931 1424 1012 proxima,

130 987 240 1095 ml,
346 1009 503 1073 amittitur
517 1029 601 1072 vero
617 1011 645 1072 si
661 1010 796 1091 propria
819 1008 1024 1090 negligentia
1041 1013 1272 1095 corrumpitur
1280 1007 1426 1093 proxima

347 1093 493 1169 vocati0‚
508 1093 555 1154 ita
570 1099 608 1155 ut
623 1112 790 1154 summum
806 1094 952 1176 supersit
968 1098 1109 1154 remota.
1125 1093 1179 1154 Ex
1201 1094 1299 1158 dictis
1314 1092 1427 1176 supra,

348 1197 381 1238 n.
400 1189 472 1253 125,
488 1190 560 1254 127,
574 1175 658 1236 bene
674 1175 770 1238 multi
783 1183 861 1236 sunt
878 1174 932 1254 qui
945 1174 1100 1256 precibus
1117 1183 1151 1237 et
1163 1176 1260 1238 bonis
1271 1178 1428 1259 operibus

347 1277 545 1334 comparare
558 1258 621 1321 sibi
632 1255 772 1338 pos'sunt
786 1257 973 1339 proximam
986 1257 1212 1322 vocationem.
1227 1260 1340 1342 Quare
1353 1279 1429 1340 pru-

347 1340 456 1403 dentis
479 1352 512 1401 et
534 1340 713 1402 naviducis
726 1339 910 1421 spiritualis
922 1348 985 1410 est,
996 1359 1063 1402 non
1075 1347 1207 1403 tantum
1218 1352 1429 1422 praesentem

347 1422 597 1504 deprehendere
611 1422 824 1484 vocationem
840 1428 873 1484 et
889 1421 1020 1485 efficere
1037 1430 1075 1484 ut
1090 1424 1163 1484 Deo
1179 1423 1327 1504 proxime
1342 1422 1427 1484 invi·

346 1505 432 1568 tanti
460 1505 583 1567 dociles
606 1505 835 1586 praebeantur
856 1524 967 1582 aures,
993 1506 1051 1567 sed
1075 1505 1175 1567 etiam
1187 1505 1233 1567 ita
1250 1505 1426 1568 instituere

346 1588 450 1652 filium
465 1588 686 1668 spiritualem,
705 1596 828 1649 uttam
853 1588 1036 1668 pretiosum
1061 1588 1184 1649 donum
1199 1588 1350 1648 obtineat
1372 1589 1427 1649 vel

347 1675 535 1752 recuperet.
552 1671 603 1731 Ad
619 1670 651 1732 id
667 1673 809 1731 multum
832 1672 923 1731 valet
946 1671 1049 1750 ipsius
1066 1668 1215 1732 animum
1230 1669 1360 1750 erigere
1386 1670 1428 1732 ad

346 1770 509 1832 generose
522 1751 733 1814 sentiendum
746 1759 779 1814 et
791 1753 1011 1833 operandum,
1026 1752 1158 1815 hortari
1172 1763 1209 1815 ut
1221 1760 1294 1816 oret
1306 1750 1429 1814 advias

346 1835 409 1899 Dei
422 1836 673 1914 cognoscendas
682 1841 715 1896 et
728 1835 925 1914 sequendas.
938 1835 1066 1897 Caveat
1079 1841 1192 1897 tamen
1205 1835 1430 1898 confessarius

346 1938 388 1980 ne
410 1917 565 1979 videatur
582 1917 661 1998 ipsis
684 1917 810 1978 idoneis
833 1923 960 1978 statum
985 1919 1075 1979 hunc
1102 1919 1206 1980 veluti
1234 1919 1429 1982 obtrudere.

346 2002 444 2079 Nam,
462 2008 698 2082 praeterquam
711 2000 752 2061 ad
766 2000 953 2062 Directoris
969 2005 1091 2074 munus
1106 2001 1254 2082 pertinet
1279 2027 1292 2055 α
1312 2019 1430 2082 coope-

347 2085 415 2147 rari
432 2083 572 2145 motioni
590 2083 722 2144 divinae
740 2101 880 2162 eamque
896 2102 962 2144 non
979 2083 1110 2163 praeire
1134 2083 1192 2144 sed
1207 2084 1313 2163 sequi,
1339 2090 1371 2144 et
1387 2083 1429 2145 ad

346 2167 411 2228 hoc
424 2167 599 2248 disponere
611 2165 757 2227 animam
773 2165 846 2244 ejus
863 2164 918 2244 qui
930 2165 1010 2227 facit
1024 2165 1206 2241 Exercitia,
1225 2166 1429 2228 removendo

347 2249 593 2330 impedimenta,
630 2267 749 2328 nempe
778 2267 922 2318 errores
959 2249 1063 2326 doloS,
1090 2248 1296 2325 affectiones
1329 2258 1429 2329 atque
1558 2297 1559 2332 0

347 2332 581 2395 inclinationes
597 2331 806 2392 inordinatas
826 2357 853 2407 »,
879 2332 962 2391 haec
978 2331 1140 2392 instantia
1156 2330 1258 2392 nimia
1273 2331 1429 2412 fiduciam
1508 2401 1510 2406 ,
1558 2349 1559 2400 l

346 2414 477 2490 minuit,
509 2421 543 2474 et
566 2413 776 2493 quandoque,
805 2418 842 2473 ut
866 2420 917 2474 est
940 2419 1063 2474 natura
1086 2421 1205 2475 nostra
1238 2433 1342 2476 avens
1379 2415 1429 2476 sui
1558 2427 1559 2434 ’

347 2515 420 2556 esse
432 2495 530 2576 juris,
545 2494 577 2555 in
592 2494 782 2576 oppositum
796 2496 948 2574 perducit
965 2496 1151 2558 consilium.
1166 2497 1263 2578 Quod
1286 2496 1314 2558 si
1329 2497 1431 2559 etiam

347 2579 436 2640 dicto
459 2577 602 2638 audierit
617 2577 774 2658 impulsui
789 2578 900 2638 Patris
916 2577 1109 2658 spiritualis,
1129 2579 1238 2640 minus
1255 2579 1286 2640 id
1309 2579 1372 2640 erit
1396 2580 1429 2641 in

347 2659 459 2721 animo
480 2659 648 2720 candidati
675 2659 878 2720 destinatum
901 2661 1121 2742 propositum,
1152 2687 1165 2716 «
1185 2661 1262 2742 quia
1278 2667 1429 2723 maneret

347 2761 479 2823 semper
507 2749 626 2823 aperta
658 2741 813 2802 daemoni
844 2742 931 2812 haec
961 2750 1059 2824 porta
1090 2745 1304 2826 suggerendi,
1323 2744 1425 2823 ¹quod

347 2824 491 2886 hominis
517 2823 678 2886 instinctu
704 2825 745 2884 ad
770 2824 964 2904 religionem
980 2825 1137 2888 inductus
1160 2836 1262 2889 esset.
1283 2827 1426 2908 »Quare

347 2907 526 2969 ordinatim
549 2906 720 2987 juvandae
743 2913 821 2968 sunt
847 2927 1011 2988 personae
1034 2910 1076 2970 ad
1099 2909 1294 2990 religionem
1317 2915 1427 2989 aptae,

347 2995 384 3051 ut
400 2990 492 3070 ipsae
505 2990 631 3068 eligant
647 2988 735 3069 quod
750 2991 868 3051 melius
884 2997 947 3052 est.
967 2990 1037 3054 Cfr.
1054 2992 1265 3054 Directoriurn
1280 2993 1313 3054 in
1329 2993 1427 3054 Exer-

347 3071 422 3134 citia
434 3073 468 3133 S.
486 3071 615 3153 Ignatii,
634 3093 663 3134 c.
679 3094 717 3134 22
734 3080 767 3134 et
783 3092 855 3151 sqq.
870 3094 890 3134 a
903 3093 967 3152 quo
982 3075 1064 3135 haec
1081 3095 1197 3137 sumus
1213 3076 1368 3137 mutuati.

389 3156 482 3237 Quae
509 3164 623 3216 autem
650 3155 772 3217 dicitur
797 3153 927 3217 historia
955 3157 1131 3234 necutiante,
1159 3157 1241 3220 nihil
1267 3159 1356 3220 aliud
1372 3162 1429 3218 ‘est

347 3259 448 3320 quam
463 3237 567 3299 series
583 3237 751 3300 factorum
768 3245 801 3298 et
816 3246 1016 3300 eventorum
1029 3240 1148 3319 quibus
1165 3241 1280 3302 divina
1295 3239 1428 3300 vocatio

347 3322 455 3384 evasit
478 3321 640 3402 proxima,
665 3329 698 3381 et
721 3320 803 3381 ordo
818 3321 1005 3400 gratiarum
1023 3323 1142 3401 quibus
1159 3324 1231 3402 quis
1247 3320 1428 3382 efficaciter

347 3405 389 3466 ad
405 3406 469 3466 hoc
485 3423 592 3483 genus
608 3404 698 3465 vitae
714 3411 766 3464 est
782 3405 960 3465 adductus.

131 3491 293 3598 le‘lflqd‘qli
392 3499 526 3563 131.1.
550 3497 751 3577 Diligentius
767 3498 1007 3577 explorandum
1030 3504 1080 3559 est
1108 3505 1141 3558 et
1168 3495 1426 3557 consultandum

132 3565 214 3657 tiri-fu
235 3565 262 3599 '¹⁸
275 3566 293 3598 ‘'
347 3581 480 3643 cuinam
493 3580 658 3658 Religioni
674 3589 829 3660 oporteat
845 3590 883 3641 ut
899 3581 956 3641 des
971 3592 1106 3656 nomen3
1124 3581 1188 3641 hoc
1204 3583 1265 3643 est,
1285 3597 1339 3654 ne,
1356 3577 1428 3640 sine

347 3662 508 3744 peculiari
531 3662 690 3724 instinctu
713 3662 858 3744 Spiritus
882 3662 1010 3735 Sancti,
1034 3663 1136 3740 eligas
1158 3661 1309 3721 ordinem
1338 3661 1427 3720 labe-

346 3746 494 3807 factatae
520 3745 729 3827 disciplinae,
758 3752 796 3807 et
820 3751 857 3805 ut
887 3743 1063 3825 peculiaris
1092 3743 1166 3804 finis
1189 3740 1339 3804 Instituti
1360 3739 1426 3802 tuis

347 3828 474 3890 viribus
487 3833 520 3888 et
532 3828 782 3908 supernaturali
797 3827 1011 3909 propensioni
1022 3825 1065 3886 sit
1082 3830 1340 3906 attemperatus
1355 3823 1397 3886 Cf
1416 3869 1425 3888 .

347 3933 376 3990 2,
395 3933 425 3986 2,
443 3931 474 3990 q.
496 3916 564 3988 189,
579 3921 644 3972 art.
665 3933 713 3973 10.

159 3996 196 4042 De
211 3993 292 4062 ris-ar
387 3993 431 4055 Iis
453 4001 566 4054 autem
589 3993 631 4053 ad
655 4012 738 4072 quos
761 3997 892 4074 spectat
915 3989 1091 4052 admittere
1118 3987 1325 4057 candidatos,
1352 4010 1427 4052 cum

130 4057 291 4158 {Zssffisssm'
346 4076 434 4138 bono
457 4075 640 4154 Religionis
657 4075 718 4156 ipsi
734 4094 856 4136 cavere
871 4073 1025 4151 debeant,
1043 4080 1076 4134 et
1090 4073 1199 4134 minus
1216 4074 1426 4154 exploratum

129 4168 278 4218 candidatos.
344 4158 841 4220 habeantalteriusinteriorem
853 4157 1013 4233 animum,
1028 4157 1128 4236 longe
1142 4156 1250 4238 major
1265 4155 1426 4217 incumbit

345 4261 427 4303 cura
443 4241 667 4318 investigandi
683 4259 748 4319 quo
772 4239 891 4320 spiritu
916 4238 1060 4300 ducatur
1079 4239 1277 4301 candidatus
1299 4248 1332 4299 et
1355 4239 1425 4317 qui-

269 4339 271 4344 ·
344 4323 487 4385 busnam
510 4322 644 4385 dotibus
660 4322 702 4383 sit
725 4322 910 4384 instructus
927 4327 963 4382 ut
978 4322 1124 4383 evadere
1140 4321 1245 4402 possit
1267 4321 1357 4382 utilis
1373 4319 1425 4381 sui

345 4404 478 4465 Ordinis
494 4405 628 4466 sodalis.
645 4404 752 4465 Porro
768 4405 845 4484 quia
862 4425 926 4466 non
943 4423 1074 4486 semper
1098 4405 1191 4466 Deus
1220 4405 1293 4464 vult
1324 4409 1359 4463 ut
1388 4421 1425 4464 re

153 3141 292 3187 Vocalionis

131 3200 243 3248 historia.
