3148 5004
157 457 292 538 [ns-50]
355 479 391 514 oe
406 477 511 513 sixtus
527 477 663 512 natieiosi
680 477 777 512 nitriis
792 475 827 511 ar
844 475 1044 512 raocuussisus

154 616 315 680 ementita
331 614 442 698 specie
465 613 671 696 apostolicae
696 612 887 676 severitatis
911 620 1071 696 caperent
1090 615 1239 696 ignaros,

152 700 264 762 visum
278 704 329 761 est
343 700 415 779 ipso
428 704 546 759 tenore
562 697 653 758 vitae
667 700 864 778 propulsare
881 698 1083 760 calumniam
1097 706 1240 780 pestem-

154 803 217 862 que
233 782 405 844 continere
422 780 560 843 erroris.
578 781 676 841 Hanc
693 799 872 860 suscepere
887 779 1096 860 provinciam
1110 783 1241 844 Ordines

155 863 376 940 Mendicantes,
395 882 537 943 quorum
557 861 731 944 praecipui
755 869 912 923 auctores
928 863 1064 924 fuerunt
1081 864 1116 926 8.
1134 867 1240 928 Fran·

157 948 267 1009 ciscus
294 946 492 1008 Assisiensis
515 953 549 1006 et
573 943 830 1021 S.Dominicus,
852 944 939 1006 ratio
956 965 1037 1007 vero
1061 949 1239 1028 peculiaris

157 1030 210 1092 his
235 1030 323 1092 notis
348 1027 548 1100 concrescit,
573 1035 622 1102 ut,
640 1026 773 1108 abjecta
789 1047 857 1088 non
873 1028 1006 1109 privata
1023 1037 1155 1091 tantum
1171 1032 1239 1092 sin·

158 1113 313 1192 gulosum
336 1111 393 1172 sed
419 1112 518 1174 etiam
545 1110 712 1172 communi
735 1111 885 1172 instituti
908 1111 1130 1189 possessione,
1153 1117 1239 1177 cole-

159 1203 246 1267 rent,
268 1203 431 1274 quantum
446 1202 497 1254 est
512 1213 554 1254 ex
570 1193 743 1275 primaeva
765 1193 979 1268 Institutione
997 1193 1018 1270 ¹,
1027 1200 1240 1275 paupertatem

157 1278 190 1338 in
209 1275 372 1353 eornnrruri,
391 1276 618 1355 ducerentque
635 1275 768 1336 nrixtuiu
784 1275 1068 1356 contemplatione
1084 1288 1117 1339 et
1132 1280 1240 1341 sacris

159 1358 350 1423 ministeriis
362 1378 459 1440 genus
477 1358 567 1420 uitae.
593 1359 744 1438 Namque
767 1365 908 1438 uterque
925 1358 1083 1421 fundator
1105 1360 1240 1422 addixe-

159 1449 238 1506 runt
255 1441 469 1505 missionibus
485 1450 519 1502 et
535 1439 840 1522 praedicationibus
857 1440 1032 1520 religiosos
1049 1462 1141 1516 suos,
1158 1463 1239 1524 quo-

157 1545 231 1587 rum
250 1531 427 1606 praeterea
440 1526 553 1604 plures
570 1525 602 1584 in
627 1523 796 1584 cathedris
813 1523 1043 1605 philosophiae
1060 1533 1093 1586 et
1110 1526 1239 1588 theolo-

157 1609 231 1688 giae
250 1627 327 1669 mox
343 1615 527 1686 coeperunt
545 1604 665 1667 illustri
681 1625 756 1666 esse
772 1609 856 1667 loco

199 1691 351 1769 Denique
364 1691 405 1751 ad
422 1689 593 1770 propriam
609 1688 710 1769 hujus
733 1688 865 1766 generis
881 1689 1127 1752 Institutorum
1138 1690 1240 1753 ratio-

157 1793 233 1834 nem
250 1771 395 1854 pertinet
411 1770 511 1833 etiam
527 1770 696 1853 collegiatis
722 1790 838 1832 eorum
865 1770 1022 1832 Institutio
1045 1773 1087 1835 ad
1106 1774 1240 1836 moduni

157 1855 294 1917 Ordinis
311 1874 425 1934 presse
442 1855 530 1930 talis,
545 1856 592 1914 ita
606 1863 642 1914 ut
655 1873 771 1915 omnes
787 1855 905 1914 domus
928 1854 985 1915 uni
1007 1856 1138 1917 subsint
1154 1855 1241 1935 regi-

158 1938 237 2000 mini
262 1940 478 2017 habeantque
509 1936 734 1998 hierarchiam
762 1936 857 2017 cujus
881 1945 981 2017 caput
1007 1945 1058 1998 est
1088 1941 1241 2021 superior

157 2021 337 2102 generalis.

200 2104 319 2164 Restat
334 2108 371 2163 ut
387 2101 587 2183 praecipuos
595 2101 665 2182 jam
678 2101 794 2161 demus
809 2100 1036 2162 mendicantes
1052 2102 1199 2164 ordines.

203 2187 264 2250 50.
284 2209 311 2248 1.
332 2186 449 2266 Itaque
466 2184 502 2246 S.
520 2184 723 2246 Francisciis
745 2197 780 2244 a⁰
796 2206 872 2261 1209
896 2183 1040 2245 instituit
1056 2184 1242 2259 Religiosos

160 2267 228 2344 qui,
238 2275 274 2327 ut
287 2267 328 2327 ab
338 2267 523 2328 humilisuo
537 2266 709 2327 conditore
722 2274 819 2326 erant
828 2265 925 2346 jussi,
936 2266 1014 2327 dieti
1027 2268 1243 2328 suntFrutres

160 2348 307 2410 Minores.
332 2349 367 2412 8.
392 2348 493 2411 Clara
527 2348 732 2410 auctoritate
756 2355 847 2409 mota
870 2347 906 2409 S.
924 2348 1108 2424 Francisci,
1134 2348 1241 2412 simile

162 2430 356 2492 mulieribus
372 2431 501 2493 creavit
515 2433 711 2493 Institutum
728 2434 779 2508 (η
789 2434 847 2507 12),
862 2432 949 2510 quod
963 2431 1009 2492 ita
1021 2432 1083 2492 fuit
1094 2431 1243 2494 seeruidus

162 2512 247 2575 Ordo
274 2513 308 2575 S.
329 2514 501 2575 Francisei.
524 2540 537 2568 i<
559 2515 793 2577 Tricamerata
818 2541 831 2568 »
853 2514 971 2588 evasit,
994 2521 1042 2584 ut,
1066 2515 1096 2576 iii
1115 2537 1131 2594 3
1154 2519 1243 2596 parte

160 2593 316 2657 historiali
331 2595 490 2659 scribitS.
503 2596 704 2671 AntoninuS,
719 2616 800 2658 arca
813 2597 890 2656 novi
905 2597 1136 2675 patriarchae,
1152 2605 1243 2678 post·

160 2698 260 2759 quain
277 2681 383 2758 (1221)
396 2681 497 2742 etiam
514 2681 601 2741 inter
616 2682 786 2740 seculares
802 2680 954 2755 vulgavit
972 2682 1149 2742 nonnullas
1167 2682 1242 2741 reli-

159 2761 273 2842 giosae
289 2763 379 2824 vitae
394 2762 653 2824 exercitationes
669 2761 789 2841 quibus
809 2761 926 2822 Tertius
939 2763 1132 2824 continetur
1145 2763 1241 2825 Ordo.

201 2845 299 2906 Hanc
313 2846 464 2923 regulam
478 2845 512 2907 S.
528 2844 711 2906 Francisci.
723 2864 833 2922 quain,
849 2866 888 2924 29
902 2864 979 2906 nov.
991 2864 1081 2924 1223,
1098 2844 1134 2906 C.
1147 2844 1242 2922 Solet,

160 2927 374 2990 confirmavit
397 2927 569 2989 Honorius
593 2944 642 3003 111,
668 2928 852 2988 secundum
877 2926 1050 3007 privilegia
1070 2948 1089 2988 a
1106 2928 1141 2990 8.
1157 2929 1243 2990 Sede

160 3027 323 3072 concessa
338 3019 372 3072 et
394 3029 472 3071 suas
488 3010 628 3090 quisque
651 3009 886 3071 observantias
911 3009 946 3072 8.
968 3010 1045 3072 Sedi
1069 3011 1242 3091 probatas,

159 3092 380 3174 profitentur:

201 3175 332 3237 Fratres
347 3173 492 3237 Minores.
519 3174 647 3235 Merum
664 3172 753 3234 istud
769 3175 799 3234 F
802 3178 923 3234 ratruni
942 3173 1101 3235 Miiiorurn
1123 3194 1244 3235 nomen

159 3266 366 3337 acceperunt
392 3278 412 3319 a
442 3258 556 3318 Leone
582 3273 614 3331 x,
641 3257 678 3319 C.
709 3258 754 3318 lte
779 3260 806 3314 et
834 3277 886 3317 uos
914 3259 1033 3334 (1517),
1061 3275 1245 3334 eorumque

160 3345 322 3419 quattuor
347 3342 525 3402 exstabant
541 3359 681 3418 genera:
701 3338 907 3405 Obseruantes,
926 3336 1111 3413 Reformati,
1130 3336 1245 3398 Excal-

161 3422 239 3482 ceati
254 3442 313 3484 seu
330 3421 537 3497 dicantarini
555 3420 730 3498 Recolteeti'‚
749 3423 811 3482 sub
828 3440 895 3482 uno
910 3419 1061 3481 antistite
1074 3439 1243 3500 supremo,

162 3506 214 3564 cui
232 3523 352 3566 nomen
368 3505 511 3567 Minister
525 3503 678 3585 gerrerulr's
696 3504 788 3565 totius
812 3502 940 3564 Ordinis
955 3502 1126 3564 Minorurn.
1151 3504 1246 3563 Haec

162 3593 276 3648 autem
305 3588 346 3649 ad
377 3587 540 3649 unitatem
573 3587 823 3668 perfectamque
852 3585 942 3648 vitae
973 3584 1247 3647 communitatem

162 3669 556 3750 revocavitSS.Le0Pp.
572 3686 644 3744 xin,
661 3669 698 3732 C.
712 3668 876 3730 Felicitate
886 3668 1137 3749 qiiadarn,4oct.
1155 3674 1245 3748 1897,

161 3749 267 3814 indito
281 3754 413 3815 nomine
427 3753 556 3814 Ordinis
568 3754 721 3814 Fratrum
734 3751 904 3827 Minornrn,
913 3754 985 3812 sine
999 3754 1065 3813 ullo
1078 3752 1245 3833 apposito

204 3835 333 3896 Fratres
358 3836 495 3897 Minores
528 3833 761 3911 Coiiveirtuates,
792 3834 847 3912 qui
877 3835 1028 3914 regulam
1059 3844 1247 3916 sequuntur

191 4103 199 4137 1
219 4099 246 4148 Si
261 4099 334 4146 enirn
351 4100 473 4160 excipias
492 4103 601 4150 Fratres
623 4101 744 4164 Minores
767 4099 809 4164 de·
822 4095 1004 4159 Obseruantia
1024 4102 1051 4144 et
1062 4096 1245 4154 Capuccinos,

159 4157 226 4206 huic
237 4158 362 4216 regimini
377 4159 537 4217 derogatum
550 4167 590 4207 est
605 4173 621 4206 a
633 4159 752 4206 concilio
763 4157 926 4204 Tridentino
937 4167 957 4200 s.
978 4160 1015 4208 25,
1028 4168 1051 4219 c..
1067 4163 1088 4207 s,
1101 4155 1137 4219 D!
1150 4153 1248 4218 Regula-

160 4218 226 4262 rr'bus
237 4223 257 4262 et
268 4217 427 4263 Moaratitus.
449 4219 553 4264 Domus
569 4216 705 4276 professae
717 4211 936 4280 societatisjesu
947 4224 981 4275 ac
997 4211 1246 4276 reeidentiae'inde·

160 4273 310 4332 pendentes
319 4273 497 4334 prohibentur
508 4276 590 4322 etiam
607 4274 708 4321 habere
723 4287 780 4319 sive
791 4271 915 4319 redditus
931 4283 988 4315 sive
999 4266 1073 4336 bona
1084 4266 1245 4323 immobilia,

160 4330 213 4378 uisi
224 4331 279 4378 lere
290 4330 500 4388 habitationem,
513 4332 658 4379 ecclesiam
669 4336 695 4377 et
706 4329 825 4379 hortum.
839 4327 999 4390 Suareabe
1010 4327 1076 4384 relig.
1091 4336 1123 4373 tr.
1144 4343 1179 4376 ro,
1192 4326 1209 4372 l.
1222 4333 1246 4380 6,

160 4403 184 4436 c.
195 4396 349 4512 6‚Sn.J15·i7;
364 4390 495 4446 Sanchez,
509 4391 540 4437 Ia
552 4390 635 4437 Decet.
649 4391 666 4437 l.
679 4397 702 4444 6,
715 4402 738 4435 c.
753 4397 787 4444 18,
798 4403 824 4436 n.
838 4394 900 4434 11-15
909 4398 914 4441 ;
928 4385 1089 4444 Ciravegna,
1101 4384 1248 4442 DePaaper-

161 4452 208 4493 tuie
242 4485 247 4494 .
280 4484 285 4494 .
299 4462 325 4507 p.
339 4465 375 4494 ii.

1325 639 1431 697 Genesis,

1319 807 1454 855 Peculi'arrs

1295 869 1373 912 notae.

1325 2202 1427 2271 Fratres

1296 2272 1409 2309 minores.

1325 2400 1391 2450 Ordo
1403 2403 1455 2461 prr*-

1296 2475 1357 2516 mus,
1379 2474 1455 2507 secun·

1297 2519 1345 2571 diis,
1361 2520 1456 2565 tertias.-
