3148 5004
308 485 395 550 XXII
749 512 848 548 sunus
865 512 963 548 aaron

1312 623 1397 674 Pagina

309 699 350 745 De
361 698 482 758 legendis
502 699 629 756 decretis,
645 719 697 757 444·
715 726 744 734 -
763 699 920 747 Faciendae
935 699 1140 757 commotiones,
1159 706 1211 758 445.
1231 728 1259 736 -
1270 702 1311 748 De

308 765 453 816 missarum
473 767 618 828 stipendiis
636 773 662 816 et
681 765 875 825 celebratione,
895 776 948 827 446,
969 794 996 803 -
1019 769 1060 818 De
1080 769 1197 818 lectione
1213 770 1311 820 Sacrae

307 837 467 900 Scripturae
478 845 504 888 et
516 839 635 890 Casibus
646 839 842 897 conscientiae,
853 856 906 899 447·

391 961 433 1027 V.
450 963 501 1024 De
513 961 680 1025 Praelatis
696 963 973 1026 extraordinariis
989 970 1023 1026 et
1039 964 1135 1044 quasi
1151 951 1336 1027 Praelatis‘

493 1075 553 1120 seu
578 1055 818 1137 Superioribus
864 1104 872 1120 .
919 1104 927 1120 .
974 1101 983 1118 .
1029 1102 1037 1119 .-
1084 1102 1313 1122 .....
1339 1062 1398 1136 267

338 1201 379 1248 De
390 1213 422 1248 eo
437 1199 484 1261 qui
501 1196 610 1261 supplet
626 1200 784 1248 Praelatum
799 1199 978 1252 deficientem.
991 1210 1043 1260 448.
1059 1179 1312 1250 -Visitatorordl-

307 1267 402 1316 narius
413 1275 440 1318 et
449 1269 657 1330 delegatusrrp.
665 1298 694 1305 -
703 1271 869 1319 Procurator
877 1271 1019 1331 generalis,
1029 1278 1082 1329 45ο.
1092 1270 1312 1328 —Deffinitores,

307 1339 483 1399 Assistentes,
495 1348 547 1399 451.

472 1469 489 1551 p
505 1491 536 1548 3.
559 1469 608 1530 De
623 1467 835 1550 Superioribus
849 1466 1038 1530 Mouioiiuru
1053 1465 1177 1548 proprie
1192 1464 1314 1528 talium.
1339 1471 1399 1528 263

338 1613 379 1659 De
390 1614 514 1671 praelato
525 1611 682 1661 monasterii
693 1625 748 1660 non
763 1611 883 1672 exempti
893 1609 935 1661 v'el
947 1611 1073 1672 exempti,
1084 1617 1136 1670 452.
1148 1637 1177 1646 -
1189 1611 1313 1658 Potestas

308 1680 482 1740 Abbatissae,
494 1689 546 1740 453.

473 1805 490 1886 p
513 1829 544 1888 4.
566 1806 615 1868 De
632 1805 845 1887 Superioribus
862 1805 1144 1893 Congreguiionuru
1166 1804 1315 1866 virorum.
1340 1806 1399 1881 269

340 1946 485 2007 Exemptio
503 1948 594 2007 plena,
614 1946 706 1997 minus
721 1949 812 2008 plena.
825 1947 900 2009 Quid
917 1948 1040 1998 conferat
1055 1947 1199 2008 exemptio,
1217 1952 1268 2005 454.
1285 1971 1312 1980 -

311 2017 468 2079 Superioris
477 2031 533 2066 non
544 2016 661 2078 exempti
671 2018 829 2078 jurisdictio
841 2024 868 2066 et
878 2023 998 2078 potestas
1010 2017 1189 2074 dominativa,
1201 2021 1254 2075 455.

473 2140 489 2222 p
505 2158 536 2220 5.
549 2140 599 2202 De
613 2111 827 2223 Superioribus
843 2139 1127 2246 Cougregutiouuru
1139 2136 1315 2201 mulierum.
1339 2155 1397 2215 271

339 2283 491 2345 Regiminis
500 2282 571 2333 ratio
582 2284 725 2346 generalis,
737 2289 790 2343 456.
803 2311 831 2320 -
842 2282 1045 2344 Superiorissae
1055 2287 1186 2342 potestas,
1198 2286 1250 2339 457.
1268 2277 1271 2285 '

474 2400 491 2482 p
504 2406 534 2464 6.
548 2401 597 2463 De
609 2399 823 2483 Superioribus
834 2400 1048 2462 institutorum
1061 2397 1317 2460 dioecesanorum.
1341 2412 1400 2472 273

339 2541 493 2604 Regiminis
504 2540 577 2590 ratio
588 2541 731 2602 generalis,
743 2548 794 2599 458.
848 2606 850 2614 y

600 2753 603 2759 ,
637 2693 790 2776 PARS
815 2693 1067 2776 SEPTIMA

390 2895 443 2960 uu
467 2893 545 2960 usu
573 2889 791 2959 sucronuu
816 2893 865 2956 nr
891 2891 995 2958 sono
1021 2886 1319 2964 couscrruruu

673 3005 783 3070 nrun
807 3002 1042 3069 nruurosos
1087 3042 1317 3064 .....
1342 3015 1403 3077 274

340 3137 423 3189 Ratio
434 3139 554 3197 dicendi,
566 3144 618 3197 459·

518 3261 638 3323 Cabur
654 3260 680 3323 l.
700 3261 740 3325 be
756 3259 908 3341 Bapttsno
924 3260 954 3325 et
968 3258 1209 3326 confirmatione.
1256 3300 1264 3318 ·
1310 3273 1403 3332 ·274
1453 3277 1455 3281 ·

341 3407 383 3454 De
394 3404 587 3454 condicionata
594 3403 739 3452 iteratione
745 3401 886 3463 baptismi,
896 3411 948 3462 460.
956 3405 1031 3451 —De
1040 3398 1314 3453 confirmationeror.

603 3525 722 3589 cipur
737 3527 779 3589 ΙΙ.
800 3528 841 3591 lle
856 3525 911 3591 SS.
929 3522 1116 3590 Eucharistia

435 3668 594 3733 Articuius
611 3672 638 3734 I.
655 3671 706 3732 De
724 3671 787 3734 SS.
805 3665 1024 3732 Eucharistia
1040 3660 1265 3743 suscipienda.
1312 3703 1320 3720 .
1344 3677 1402 3749 275

343 3816 415 3862 Usus
426 3814 474 3864 SS.
487 3812 678 3862 Eucharistiae
689 3811 764 3872 apud
773 3810 847 3859 viros
857 3808 1004 3868 regulares,
1016 3812 1069 3863 462·
1082 3831 1110 3840 —
1123 3805 1156 3851 In
1167 3805 1317 3862 Congrege-

311 3884 436 3934 tionibus
456 3883 633 3934 clericalibus
652 3881 791 3942 exemptis,
812 3888 864 3938 463.
884 3905 912 3912 -
932 3878 964 3924 In
982 3872 1247 3937 congregationibus
1260 3887 1316 3921 non

313 3956 446 4016 exemptis
454 3955 503 4003 sed
512 3953 685 4010 clericorum,
696 3960 748 4011 464.
756 3979 785 3986 —
794 3953 827 3998 In
836 3946 968 3998 institutis
978 3944 1140 3994 monialium
1148 3944 1191 3992 vel
1198 3942 1319 3992 virorum

313 4026 361 4076 sed
373 4025 420 4086 qui
432 4031 563 4087 reguntur
573 4037 590 4071 a
601 4022 688 4080 laicis,
701 4028 753 4078 465.

437 4146 599 4214 Ariieuius
614 4146 659 4210 II.
676 4146 727 4207 De
748 4141 979 4206 celebratione
994 4139 1155 4203 missae.
1202 4185 1210 4202 .
1258 4185 1266 4202 .
1313 4141 1405 4216 ‚278

344 4293 419 4357 Quid
438 4291 545 4352 possint
567 4288 721 4350 superiores
743 4285 934 4346 religiosorum
955 4283 1029 4344 quod
1050 4282 1085 4331 ad
1107 4280 1321 4332 celebrationem

314 4367 425 4416 Missae,
445 4370 497 4421 466.
513 4373 547 4396 ‘—
565 4361 608 4408 De
628 4359 697 4408 hora
717 4355 922 4414 celebrationis,
944 4355 1019 4415 apud
1040 4356 1190 4416 Regulares
1209 4358 1236 4402 et
1251 4352 1319 4400 alios
1382 4369 1387 4380 ¹

312 4433 462 4496 religiosos,
474 4439 527 4490 467.
540 4458 569 4468 -
580 4433 622 4479 De
634 4432 694 4478 loco
706 4426 902 4478 celebrationis
912 4433 939 4476 et
949 4426 1030 4476 altari
1041 4424 1173 4486 portatili,
1185 4430 1237 4482 468.
