3138 5014
164 433 262 513 [472]
501 453 537 486 uu
551 451 734 487 snoanusuro
751 451 956 490 rauurrsurrnu
1191 428 1252 491 285

495 599 537 663 ΙΙ.
563 598 665 678 Apud
687 600 863 663 Moniales
888 600 910 662 ².

204 774 293 840 472.
327 775 381 833 De
412 772 762 842 confessariisante
782 751 887 835 Deci.
923 772 1264 850 Quemadmodum·

208 877 235 918 1.
252 857 306 918 Ex
320 854 358 918 C.
376 853 549 917 Benedicti
572 871 641 932 xlv,
655 852 830 916 Pastorale's
853 874 938 932 cura,
963 855 1175 935 deputandus
1201 863 1251 916 est

165 938 399 1002 Confessarius
421 936 610 999 ordinarius
637 957 715 998 acrius
744 936 910 1015 omnibus,
942 947 1098 1000 maturae
1128 937 1251 999 aetatis

164 1026 217 1101 (40
233 1040 400 1084 annorum
418 1019 600 1083 se2undum
617 1019 700 1083 decl.
722 1019 758 1082 S.
778 1019 814 1082 C.
838 1021 911 1083 EE.
928 1027 962 1081 et
985 1020 1083 1097 RR.),
1103 1019 1159 1101 qui
1184 1039 1251 1082 non

163 1111 275 1187 potest
291 1123 364 1165 esse
380 1103 537 1165 Vicarius
561 1102 738 1181 generalis,
761 1123 822 1164 nee
840 1102 1029 1184 Regularis,
1048 1103 1111 1172 nisi
1128 1111 1252 1184 agatur

159 1189 204 1252 'de
221 1185 433 1268 monasteriis
449 1205 536 1270 quae
552 1184 778 1265 Regularibus
795 1185 998 1248 subduntur.

205 1269 440 1331 Confessarius
463 1267 526 1330 iste
543 1268 739 1347 designatur
765 1268 808 1328 ab
836 1268 1003 1350 Episcopo
1030 1268 1058 1330 si
1081 1275 1252 1334 monaste·

1314 663 1467 710 AnteDecre·

1306 727 1353 767 lum
1369 721 1449 780 Quem-

1305 779 1440 827 admodum:

1338 874 1466 934 Depulalio

1306 930 1449 990 confessarii

1307 991 1447 1043 ordinarii,·

164 1352 250 1414 rium
282 1351 416 1414 nonsit
448 1351 481 1414 in
505 1350 631 1412 ditione
662 1350 907 1430 Regularium3
936 1351 1056 1432 quibus
1086 1352 1114 1413 si
1151 1350 1252 1413 fuerit
1301 1416 1304 1422 ,
1407 1417 1409 1422 ,

164 1435 358 1512 obnoxium,
377 1434 515 1515 deputat
530 1433 709 1495 Praelatus
735 1433 900 1512 regularis
928 1432 1172 1496 confessarium
1197 1434 1251 1514 qui
1327 1463 1343 1482 υ

164 1525 278 1580 tamen
296 1518 338 1578 ab
353 1518 521 1598 Episcopo
537 1522 589 1578 est
614 1515 804 1598 specialiter
819 1517 1068 1599 approbandus.
1087 1517 1156 1579 Nec
1174 1536 1252 1580 con·

165 1600 327 1663 fessarius
344 1600 444 1661 unius
469 1599 664 1661 monasterii
680 1599 922 1662 existimandus
938 1606 989 1662 est
1005 1619 1065 1682 per
1080 1618 1115 1661 se
1132 1619 1253 1681 appro-

169 1684 270 1746 batus
286 1703 346 1764 pro
364 1683 482 1745 altero,
867 1680 870 1685 ’
1119 1681 1122 1688 ’
1252 1691 1253 1696 ’

207 1767 270 1829 Per
300 1785 336 1827 se
367 1764 577 1848 deputandus
607 1771 658 1826 est
689 1764 731 1826 ad
753 1763 918 1826 triennium
947 1769 981 1826 et
1011 1771 1086 1848 post
1116 1765 1252 1830 tertium

159 1867 332 1929 ‚quemque
349 1867 474 1909 annum
504 1848 697 1910 mutandus.
722 1848 797 1911 Non
812 1847 934 1929 ubique
951 1854 1063 1910 tamen
1080 1847 1253 1930 disciplina

165 1933 230 1994 ista
246 1939 405 1993 accurate
428 1937 597 2008 servatur,
624 1930 777 2012 quamvis
794 1950 893 2013 saepe
909 1931 952 1994 sit
968 1951 988 1992 a
1004 1931 1040 1996 S.
1059 1931 1253 2012 congrega-

167 2014 258 2077 tione
274 2015 442 2076 inculcata
459 2014 483 2076 ².

168 2179 183 2241 f
207 2097 377 2159 Accedere
389 2115 491 2178 porro
504 2097 601 2160 debet
618 2097 659 2158 ad
676 2095 859 2158 audiendas
877 2094 1105 2160 confessiones
1122 2096 1253 2178 quoties

181 2179 269 2242 uerit
286 2187 441 2244 vocatus·

208 2262 274 2355 Ipsi
292 2269 405 2324 autem
430 2269 481 2324 est
504 2263 620 2326 sedulo
643 2261 830 2324 cavendum
848 2282 889 2324 ne
906 2260 1096 2344 Superioris
1113 2267 1254 2352 usurpet
1304 2345 1306 2349 ι

189 2362 389 2408 rovrncram.

148 2366 186 2441 'p
206 2449 236 2490 2.
264 2428 447 2490 Praeterea
473 2427 515 2490 ab
542 2427 657 2510 iisdem
684 2427 909 2508 designandus
936 2433 987 2489 est
1018 2425 1253 2490 Confessarius

166 2510 442 2590 extraordinariae,
481 2512 536 2590 qui
571 2510 768 2573 conlessarii
797 2509 958 2572 ordinarii
989 2509 1084 2574 dotes
1114 2510 1251 2586 habeat,

163 2602 276 2676 potest
289 2601 400 2656 tamen
414 2613 488 2656 esse
500 2595 691 2674 Regularis.
705 2593 749 2671 rs,
764 2613 805 2655 ex
818 2592 856 2656 C.
866 2592 973 2669 Trid.,
988 2613 1016 2656 s,
1030 2612 1080 2673 25,
1096 2614 1125 2658 c.
1142 2617 1190 2671 10,
1205 2593 1254 2656 De

161 2677 292 2760 Regul„
310 2679 429 2758 saltem
445 2677 495 2738 bis
511 2680 566 2738 vel
586 2685 638 2740 ter
662 2677 694 2738 in
719 2696 809 2739 anno
824 2675 1025 2750 monialibus
1042 2683 1093 2744 est
1109 2677 1253 2740 offeren-

166 2760 240 2823 dus.
258 2761 358 2822 Hunc
375 2778 491 2821 omnes
507 2759 600 2822 adire
625 2761 758 2838 debent,
783 2779 851 2822 non
874 2767 988 2822 tamen
1005 2758 1066 2841 ipsi
1085 2759 1251 2822 confiteri.

1336 2427 1467 2503 ‘Confessa-

1308 2501 1343 2546 ra'i
1358 2504 1467 2549 extraor-

1308 2557 1413 2606 dinarii.

166 2843 350 2921 Postquam
369 2850 483 2904 autem
508 2862 569 2905 suo
595 2843 781 2905 ministerio
806 2849 858 2904 est
881 2842 1029 2919 functus
1049 2842 1119 2924 jam
1136 2842 1252 2924 nequit
1332 2902 1336 2905 ,

167 2923 394 2984 confessarius
419 2924 705 2986 extraordinarius
730 2923 894 3002 regularis
911 2945 947 2987 se
963 2925 1117 3007 conferre
1132 2925 1165 2992 in
1183 2945 1253 2988 mo-

168 3005 365 3082 nasterium,
383 3024 425 3065 ne
447 3006 563 3085 poenis
587 3008 754 3086 plectatur
770 3007 988 3086 Regulariunr
1005 3008 1061 3088 qui
1077 3009 1119 3070 ad
1142 3013 1252 3073 crates

167 3086 361 3148 Monialium
377 3086 523 3148 indebite
539 3087 705 3149 accedunt

208 3170 327 3246 Porr0,
356 3168 383 3230 si
411 3167 637 3232 confessarius
660 3168 837 3232 ordinarios
861 3170 962 3233 fuerit
989 3172 1040 3232 vir
1071 3174 1249 3253 regularis,

161 3253 270 3315 ,semel
293 3251 412 3314 saltem
434 3251 467 3313 in
492 3271 581 3314 anno
605 3253 814 3335 deputandus
841 3258 892 3314 est
923 3253 1150 3317 confessarius
1181 3256 1251 3320 sive

167 3335 330 3398 secularis
360 3335 432 3396 sive
463 3335 627 3416 regularis
656 3335 797 3397 alterius
830 3335 975 3398 ordinis:
1007 3355 1073 3416 quo
1101 3344 1251 3420 tempore

161 3425 303 3481 vetatur
328 3416 517 3481 ordinarius
544 3437 586 3480 ne
612 3418 798 3502 cujuspiam
815 3419 916 3480 etiarn
943 3419 1091 3498 novitiae
1108 3419 1252 3502 excipiat

167 3500 407 3564 confessiones,

208 3606 239 3664 3.
270 3584 407 3647 Moniali
443 3603 529 3664 quae
566 3584 768 3665 peculiarem
804 3592 965 3666 exposcat
995 3585 1250 3664 confessarium,

167 3666 299 3731 etiamsi
315 3686 406 3730 mere
422 3667 463 3728 acl
486 3666 693 3748 spiritualem
718 3688 813 3730 suam
835 3668 1101 3732 consolationem
1117 3675 1149 3730 et
1176 3689 1252 3751 pro-

167 3751 303 3828 fectum,
322 3751 349 3813 is
365 3757 416 3812 est
433 3750 678 3822 concedendus,
702 3752 800 3812 modo
817 3751 899 3813 nihil
914 3759 1076 3834 appareat
1093 3771 1159 3834 quo
1176 3771 1252 3833 spes

167 3833 263 3897 istius
290 3833 462 3916 profectus
489 3834 650 3895 elevetur.
676 3833 921 3915 Negligentiam
950 3841 1063 3897 autem
1086 3834 1253 3916 regularis

166 3915 312 3978 Praelati
335 3917 468 3999 supplet
490 3916 692 3998 Episcopus.

197 4127 272 4174 ¹Clr.
285 4127 362 4176 varia
372 4141 503 4186 responsa
514 4128 541 4176 S.
555 4127 632 4176 Sedis
643 4126 717 4186 apud
734 4124 897 4181 Bucceroni‚
910 4126 1083 4181 Enclziridion,
1102 4138 1128 4184 p.
1148 4141 1251 4182 17o·17a.

1338 3191 1401 3251 Quid
1412 3193 1436 3238 si

1307 3253 1449 3298 ordinarius

1303 3305 1378 3364 suerit
1390 3309 1465 3366 Regu·

1306 3365 1367 3412 laris
1378 3365 1390 3412 ἓ

1339 3595 1402 3656 Quid
1413 3597 1436 3643 si

1307 3653 1422 3715 monialis

1303 3711 1444 3772 peculiarem

1309 3775 1417 3828 exposcat

1308 3827 1424 3889 consessa-

1308 3886 1391 3934 rium?

194 4183 405 4233 tconfirmatio
423 4195 514 4233 tamen
532 4186 568 4232 ad
586 4186 702 4233 alterurn
714 4183 863 4231 triennium
886 4183 922 4231 ob
944 4197 1042 4232 causas
1063 4182 1216 4242 peculiares
1237 4197 1253 4230 a
1349 4200 1352 4204 ’
1390 4243 1394 4250 .

168 4242 194 4290 S.
207 4241 423 4302 Congregatione
435 4244 598 4302 indulgetur,
615 4235 711 4291 au'dito
723 4241 870 4290 Ordinario
881 4249 908 4290 et
921 4240 991 4300 'ipsis
1009 4238 1175 4290 monialibus
1186 4237 1252 4302 'qua-

166 4326 227 4359 rum
238 4312 309 4359 duae
324 4313 420 4361 saltem
435 4318 527 4373 partes
539 4303 578 4383 (ξ)
590 4327 639 4372 per
649 4318 754 4361 secreta
764 4311 893 4372 suffragia
905 4311 1097 4371 capitulariter
1110 4311 1252 4360 confirma·

167 4382 233 4431 tioni
260 4383 386 4432 assentiri
413 4383 522 4432 debent.
549 4373 592 4431 lid
619 4383 729 4431 tertium
754 4382 967 4442 permittendum
991 4382 1145 4434 triennium,
1171 4380 1255 4446 exigit

167 4453 313 4490 consensus
328 4441 488 4489 monialium
503 4442 635 4490 omniurn.
652 4441 786 4499 Bizzarri,
803 4441 958 4499 collectanea,
976 4455 1004 4499 p.
1025 4459 1060 4499 14·
