3138 5014
335 431 395 494 304
710 453 777 488 sans
793 451 909 490 cerain.
927 451 1017 488 canor
1032 453 1041 487 1

335 583 474 668 plationi
489 606 496 663 ;
510 586 564 648 vel
577 604 617 648 ex
625 584 733 667 forma
746 585 928 648 coenobitica
944 592 1055 648 status
1071 583 1229 666 religiosi,
1244 582 1296 646 cui
1312 580 1423 645 miuus

336 675 529 749 congruunt
542 670 703 731 nonnulla
719 669 846 746 officia3
866 671 916 730 vel
933 689 973 731 ex
992 667 1259 749 exemplioreequa
1275 664 1424 748 Praelati

336 751 495 814 ordinarii
521 752 687 815 nonsatis
710 758 906 814 servaretur
922 752 1022 826 decor
1045 771 1084 812 ac
1109 749 1266 832 dignitas,
1284 747 1312 810 si
1328 747 1423 809 auxi·

335 833 440 898 liariis
456 833 619 916 exemptis
635 835 696 916 ipsi
713 834 893 918 praecipue
910 841 999 896 esset
1016 834 1192 896 utendum.

122 902 280 1019 ,uffssffissssf
314 983 317 988 ,
376 918 466 982 494.
495 921 601 979 Error
622 919 880 996 repudiandus.
909 938 935 979 1.
960 918 1064 980 Plane
1085 935 1165 997 ergo
1188 913 1318 996 decepti
1342 918 1422 974 sunt

121 1026 142 1065 n
152 1019 282 1086 carosne
336 1000 391 1080 qui
404 1019 460 1062 eas
473 999 642 1063 finxerunt
654 1006 768 1081 partes
781 1000 999 1082 Regularium
1012 999 1045 1062 in
1058 997 1289 1080 spiritualibus
1306 995 1420 1058 minis-

122 1073 281 1124 mmmmm
336 1083 429 1146 tertis
452 1090 488 1143 ut
511 1083 543 1143 in
566 1083 751 1147 subsidium
773 1082 1029 1154 Ordinatiorum
1052 1089 1124 1144 tum
1147 1081 1280 1143 demum
1308 1087 1421 1141 essent

121 1139 175 1182 suni
190 1131 280 1191 regala·
474 1167 477 1175 .
728 1167 733 1177 .
904 1154 907 1158 ·
1282 1165 1286 1174 .

120 1209 166 1243 ns.
336 1166 479 1227 vocandi
498 1186 573 1228 cum
589 1168 793 1228 secularium
809 1166 1024 1228 sacerdotum
1041 1165 1198 1228 deficeret
1215 1183 1323 1244 copta.

150 1278 235 1345 lzssrrar⁴
370 1273 399 1345 a)
415 1270 552 1328 Errorem
568 1271 658 1328 istum
670 1272 785 1328 videtur
794 1271 944 1328 invenisse
958 1270 1127 1328 Gulielmus
1138 1287 1156 1326 a
1168 1270 1199 1327 S.
1213 1269 1335 1338 Amore,
1350 1285 1421 1324 con-

121 1335 264 1442 {um}
335 1362 380 1412 lra
407 1373 497 1429 quem
527 1355 557 1419 S,
581 1355 716 1414 Thomas
743 1356 859 1429 scripsit
878 1353 982 1429 opusc.
1001 1373 1043 1430 19,
1070 1351 1188 1414 Contra
1211 1351 1423 1433 impugnantes

334 1437 521 1517 religionem,
536 1458 561 1497 c.
576 1457 604 1513 4.

150 1535 231 1603 arnor
254 1592 258 1602 ι
370 1526 399 1602 b)
414 1525 612 1597 Eandemque
633 1524 731 1580 acrius
754 1524 952 1596 propugnavit
972 1523 1154 1600 janseniana
1175 1522 1308 1597 synodus
1326 1521 1420 1578 Pisto·

119 1592 280 1699 {m’fss‘
334 1610 448 1678 nensis,
473 1625 601 1682 arguens
622 1609 788 1681 regularem
812 1619 923 1665 statum
948 1626 999 1681 per
1022 1627 1053 1665 se
1075 1608 1226 1665 conciliari
1250 1624 1312 1664 non
1335 1622 1421 1678 posse

235 1684 241 1697 ⁸
334 1712 403 1750 cum
420 1687 594 1750 muneribus
604 1694 704 1752 sacris.
716 1691 804 1770 Quod
819 1705 964 1750 assertum
978 1691 1145 1766 profligavit
1157 1692 1228 1748 Pius
1241 1707 1283 1760 vr,
1296 1689 1329 1748 C.
1341 1685 1419 1746 Ata-

148 1793 193 1840 Pn'
205 1791 241 1838 VI
334 1776 427 1832 iorem
437 1768 527 1830 Fidei
539 1772 642 1846 (1J94l,
653 1773 826 1830 damnando
837 1792 920 1846 prop.
939 1774 1011 1830 &0²¹³
1029 1774 1086 1830 hoc
1100 1772 1189 1829 modo
1204 1791 1210 1829 :
1235 1794 1247 1823 t
1262 1769 1376 1843 Regula
1392 1784 1417 1838 1,

119 1851 261 1911 '‘imiam-
334 1875 411 1930 quae
445 1857 547 1913 statuit
578 1856 714 1914 universe
756 1869 786 1915 et
820 1858 1081 1914 indiscriminatim
1113 1867 1223 1913 statum
1254 1855 1419 1928 regularem

333 1952 386 1998 aut
410 1939 623 2008 monasticum¹
638 1952 745 2008 natura
761 1959 818 1998 sua
837 1941 980 2014 componi
1005 1959 1065 2006 non
1094 1959 1181 2016 posse
1203 1958 1279 1997 cum-
1305 1939 1420 2004 anima·

333 2043 400 2084 rum
414 2041 485 2082 cura
498 2042 628 2098 cumque
643 2021 722 2082 vitae
735 2027 891 2102 pastoralis
910 2021 1094 2094 muneribus,
1108 2042 1163 2080 nec
1178 2025 1252 2081 adeo
1264 2016 1293 2081 in
1306 2035 1419 2099 partem

333 2111 434 2167 venire
453 2127 539 2182 posse
563 2103 780 2166 ecclesiasticae
807 2110 999 2178 hierarchiae,
1015 2109 1087 2182 quin
1107 2127 1143 2166 ex
1165 2109 1290 2165 adverso
1309 2116 1422 2182 pugnet

333 2195 488 2269 ipsiusmet
501 2194 579 2249 vitae
593 2195 776 2252 monasticae
789 2194 940 2268 principiis
946 2211 954 2264 ;
968 2192 1051 2264 falsa,
1068 2192 1243 2266 perniciosa,
1256 2193 1287 2249 in
1298 2191 1421 2249 sanctis-

332 2280 425 2336 simos
439 2278 590 2335 Ecclesiae
612 2277 714 2335 Patres
736 2290 766 2334 et
789 2278 945 2336 Praesules
957 2277 1017 2351 *qui
1037 2277 1180 2350 regularis
1193 2276 1272 2334 uitae
1285 2275 1421 2334 instituta

332 2381 401 2418 cum
423 2361 567 2418 clericalis
600 2361 712 2419 ordinis
740 2362 916 2420 muneribus
943 2361 1153 2418 consociarunt
1178 2359 1331 2436 injuriosa,
1359 2359 1420 2430 pin,

333 2457 458 2514 vetusto,
474 2445 597 2517 probato
612 2443 763 2502 Ecclesiae
775 2447 861 2515 mori,
876 2462 1127 2517 summorumque
1140 2441 1319 2500 Pontificum
1334 2458 1420 2496 sanc·

332 2530 464 2585 tionibus
478 2529 639 2585 contraria:
654 2531 737 2602 quasi
749 2531 904 2600 monachi,
918 2548 992 2604 quos
1013 2547 1131 2586 morum
1152 2529 1278 2604 gravitas
1296 2535 1325 2581 et
1337 2524 1416 2578 vitae

332 2612 400 2670 fidei
416 2612 562 2669 institutio
575 2624 678 2670 sancta
692 2615 894 2685 commendat,
916 2633 977 2672 non
993 2615 1047 2676 rite
1067 2631 1122 2671 nec
1143 2613 1229 2670 modo
1248 2610 1312 2680 sine
1334 2606 1416 2664 Reli-

331 2700 429 2772 gionis
442 2697 617 2769 offensione,
632 2700 683 2755 sed
697 2710 807 2756 etcum
828 2702 923 2774 multa
937 2703 1063 2760 utilitate
1079 2700 1227 2758 Ecclesiae
1240 2697 1417 2754 clericorum

331 2781 434 2850 officiis
457 2794 663 2857 aggregentur.
677 2816 712 2824 —
726 2783 771 2842 Ex
793 2783 823 2841 S.
839 2783 952 2856 siricio,
967 2785 1063 2860 epist„
1076 2785 1153 2842 decr.
1179 2783 1218 2842 ad
1246 2779 1418 2839 Himerium

331 2865 598 2936 Tarraconensem,
619 2884 646 2927 c,
668 2884 711 2941 13.
735 2890 748 2920 a
984 2863 987 2866 ’

146 2975 228 3024 En„
366 2949 394 3024 c)
407 2947 454 3006 Ab
467 2949 514 3006 his
526 2967 586 3006 non
601 2951 689 3024 longe
702 2952 887 3026 discrepabat
901 2952 1056 3010 Marianus
1067 2952 1257 3024 Verhoeven,
1274 2945 1422 3024 professor

116 3036 177 3102 setes
188 3035 253 3081 semi·
332 3034 542 3094 Universitatis
559 3033 766 3107 Levaniensis,
785 3038 857 3094 dum
877 3038 1021 3111 opusculo
1036 3038 1083 3096 De
1101 3033 1292 3116 reginarium
1304 3035 1331 3092 ei
1342 3048 1421 3091 secte·

116 3091 259 3199 mum*
331 3116 446 3180 larinm
464 3115 639 3179 clericorum
651 3117 776 3198 jaribtes
788 3125 814 3180 el
825 3115 941 3195 officiis,
959 3122 1116 3194 allegando
1129 3123 1255 3188 mentem
1271 3113 1422 3179 Ecclesiae

331 3215 360 3264 et
371 3198 568 3270 necessitatem
587 3200 703 3264 ordinis
721 3200 909 3274 hierarchici,
926 3207 1077 3264 contendit
1091 3207 1121 3266 in
1137 3199 1264 3278 negotiis
1272 3201 1306 3260 'et
1316 3199 1421 3259 officiis

331 3288 536 3347 ecclesiasticis
557 3306 633 3362 quae
648 3289 685 3346 ad
706 3289 884 3346 secularium
900 3307 1003 3348 curam
1025 3291 1153 3350 attinent
1174 3289 1338 3362 Regulares
1357 3303 1419 3342 non

331 3374 440 3432 versari
460 3373 566 3430 debere
585 3373 642 3430 nisi
657 3395 670 3424 t
686 3373 716 3428 in
726 3372 892 3430 subsidium
913 3386 1030 3430 tantum
1046 3385 1076 3432 et
1089 3372 1238 3432 delectum
1249 3371 1322 3430 ¹cleri
1335 3385 1420 3432 secu·

331 3457 409 3527 laris,
426 3479 439 3508 »
454 3473 549 3530 eaque
562 3457 684 3512 demum
700 3457 815 3517 ratione
828 3474 918 3530 quam
934 3457 1099 3530 Episcopus
1108 3457 1255 3534 judicaret
1269 3453 1417 3527 expedire,

332 3537 432 3616 Hujus
462 3540 584 3616 proinde
614 3541 744 3610 arbitrio,
774 3558 860 3612 posse
886 3541 1084 3618 Regularibus
1115 3540 1217 3614 negari
1246 3538 1418 3608 facultatem

331 3624 471 3682 audiendi
484 3623 663 3680 secularium
686 3622 889 3681 consessiones
903 3626 927 3682 si
942 3626 1098 3684 videantur
1112 3625 1260 3682 seculares
1272 3621 1422 3692 sufficere,

331 3724 428 3784 neque
441 3708 498 3764 hac
510 3708 681 3765 exclusione
695 3710 826 3781 aliquem
838 3708 938 3785 justae
947 3708 1102 3768 offensioni
1117 3711 1179 3770 dari
1193 3710 1304 3768 locum.
1320 3705 1418 3780 Opusss

331 3793 432 3849 culum
445 3792 522 3848 istud
532 3793 680 3864 redarguit
690 3810 765 3866 opus
778 3795 826 3850 cui
839 3794 942 3851 titulus
954 3789 1094 3854 Examen
1103 3789 1280 3852 historicam
1292 3794 1318 3850 el
1329 3807 1418 3850 cana

330 3873 432 3934 nicam
455 3870 529 3933 libri
548 3871 589 3933 R.
609 3875 652 3934 D.
676 3873 818 3936 Mariani
841 3873 1015 3950 Verborum,
1036 3879 1124 3953 quod,
1146 3880 1200 3936 etsi
1227 3878 1334 3952 prodiit
1353 3876 1419 3932 sine

245 3991 250 4002 x
331 3963 455 4018 nomine
465 3962 623 4034 scriptoris,
634 3964 705 4020 satis
718 3976 824 4020 notum
836 3975 880 4022 est
892 3983 911 4022 a
922 3966 955 4023 P.
968 3965 1013 4022 De
1024 3965 1107 4022 Buck
1117 3965 1148 4024 S.
1160 3965 1187 4038 J.
1199 3964 1418 4038 praecipuaque

331 4064 421 4120 opera
443 4046 477 4102 P.
492 4045 701 4104 Tinnebroeck
720 4047 751 4106 S.
766 4048 793 4121 J.
807 4047 898 4106 fuisse
911 4051 1123 4123 conscriptum.
1138 4048 1341 4124 Operisistius
1355 4063 1419 4106 non

331 4143 376 4189 est
390 4133 529 4206 vulgatus
543 4131 600 4188 nisi
615 4133 693 4205 prior
706 4141 817 4190 tomus

144 4276 248 4327 firm„
372 4267 402 4309 a.
424 4247 473 4308 Re
489 4251 603 4308 autem
619 4265 712 4323 vera,
738 4252 874 4327 praeter
885 4245 1129 4328 jurisdictionis
1152 4245 1321 4312 divinitus
1338 4264 1418 4311 con-

116 4337 238 4386 tsnasn·
281 4379 284 4384 .
331 4329 468 4392 stitutus
481 4330 618 4410 gradus,
633 4329 668 4391 S.
683 4329 857 4392 Pontificis
874 4330 948 4391 dico
964 4337 997 4424 et
1009 4331 1269 4424 Episcoporum,
1285 4336 1419 4392 ceteros

115 4401 275 4518 iiiiii-dr
332 4413 471 4476 clericos
486 4431 560 4475 esse
573 4410 828 4475 Ordinariorum
841 4411 1026 4476 auxiliarios
1041 4413 1136 4478 lacile
1151 4417 1292 4499 apparet
1305 4432 1312 4490 ;
1328 4412 1418 4498 quod
