3148 5004
156 684 247 730 Forma
256 694 295 730 ex·

137 743 219 788 terior.

164 850 238 898 Nulla

135 923 225 966 magna
237 907 297 956 Uni·

135 969 246 1014 versitas.

350 348 390 410 3⁶).
461 349 470 360 '
729 367 796 402 raus
812 367 908 402 parua.
926 367 1016 403 carue
1030 369 1062 403 111

352 503 421 582 qui,
439 503 523 565 duce
540 501 577 566 S.
591 502 794 582 Angustiae,
804 523 831 565 a
848 503 884 567 S.
898 499 1196 584 GregorioMagno
1209 502 1301 566 missi
1317 502 1440 568 suntin

265 643 268 648 .
348 584 567 652 Britanniam
583 585 759 666 majorem.
893 653 895 662 ,
1098 661 1100 664 ¹
1157 609 1205 664 *j
1284 663 1289 669 ι
1370 660 1375 666 ¹

348 719 354 726 .
394 687 425 730 2.
443 668 541 750 Quod
556 669 600 741 ad
615 667 748 750 regimen
764 687 823 730 seu
833 667 974 748 sormam
989 667 1179 746 exteriorem,

381 754 428 828 ,al
444 749 580 812 Minime
604 751 800 830 cogitabant
822 751 1045 824 Patriarcliae
1068 752 1314 832 monachor-um
1338 751 1378 812 de
1394 750 1442 812 in·

348 832 525 904 ,stituendo
555 833 847 914 aliquo'collegio‚
876 835 976 913 quod,
994 835 1056 894 sub
1077 853 1145 895 uno
1173 832 1294 915 capite,
1320 836 1443 896 multas

350 913 478 998 *ubique
495 917 779 997 complecteretur
795 915 916 977 domus
930 917 1038 978 instar
1054 918 1298 996 membrorum.

395 998 460 1081 Qui
475 997 637 1060 Ordinem
659 997 827 1060 condebat
843 1019 934 1060 mere
951 999 1107 1060 tradebat
1124 995 1278 1060 norinam
1295 997 1443 1072 vivendi,

174 1141 177 1152 ,
256 1129 259 1134 -
353 1101 431 1161 qua,
449 1082 476 1142 si
503 1081 628 1142 vellent
644 1080 666 1156 ¹,
686 1081 843 1142 monachi
860 1082 908 1142 uti
925 1090 1064 1163 possent
1080 1081 1122 1142 ad
1139 1081 1250 1143 mores
1262 1075 1442 1165 'perficien-

290 1204 292 1216 ι
354 1165 425 1239 dos,
451 1163 521 1224 iere
546 1162 634 1224 sicut
657 1176 699 1224 ex
714 1162 839 1238 Ordine
862 1163 1020 1244 liturgico
1047 1164 1244 1226 sacerdotes
1272 1162 1444 1243 accipiunt

291 1279 294 1286 ,
353 1247 519 1307 rationem
534 1244 652 1306 litandi
674 1253 708 1306 et
730 1259 847 1307 sacras
863 1244 1007 1308 obeundi
1022 1244 1228 1310 functiones.
1247 1243 1443 1326 Atqueipse

349 1325 439 1390 'Ordo
462 1327 649 1389 monasticus
671 1347 738 1388 non
756 1328 955 1407 designabat
971 1327 1034 1394 nisi
1050 1327 1308 1390 universitatem
1324 1346 1443 1388 eorum

350 1411 409 1489 ‘qui
443 1409 568 1471 Christi
592 1409 754 1484 [scholam
796 1411 963 1472 absolute·
989 1411 1228 1490 sectabantur.
1260 1407 1440 1471 Modernas

350 1489 517 1556 'Ordinum
545 1493 694 1554 rationes
717 1500 962 1574 praepararunt
987 1491 1217 1555 Cluniacensis
1243 1491 1440 1554 reformatio

155 1597 157 1608 ⁴
248 1573 253 1618 ἶ
285 1609 286 1614 1
353 1585 396 1638 et·
420 1573 666 1651 cisterciensis,
701 1594 777 1636 cum
803 1575 903 1637 unius
942 1575 1092 1657 supremi
1127 1575 1267 1650 Abbatis
1299 1573 1439 1652 imperio

154 1967 298 2019 Jsrisdtezr'o

138 2027 258 2086 Episcopi.

351 1655 516 1720 ¹obnoxias
533 1655 684 1718 facerent
707 1677 825 1720 omnes
842 1659 961 1720 domus
977 1680 984 1735 ;
1001 1658 1099 1720 simul
1115 1667 1228 1735 tamen
1246 1657 1324 1740 ipsis
1340 1655 1441 1737 objici

350 1737 465 1825 potest
481 1758 637 1800 recessus
652 1739 805 1819 aliquisa
821 1752 932 1802 mente
946 1740 982 1804 S.
1001 1741 1173 1812 Benedisti
1189 1741 1212 1802 ².
1403 1751 1405 1756 “

394 1823 428 1899 b)
445 1821 602 1904 Quandiu
626 1823 757 1902 singula
784 1823 997 1899 monasteria
1008 1823 1193 1884 constituta
1208 1827 1288 1884 sunt
1305 1840 1442 1901 separa·

354 1903 414 1967 lim
442 1923 516 1965 nec.
531 1916 645 1984 partes
666 1916 856 1968 vevaserunt
883 1905 1020 1988 majoris
1044 1903 1307 1981 ·Universitati8‚
1333 1904 1442 1988 minus

351 1977 494 2049 'necesse
521 1986 583 2048 luit
606 2007 663 2048 eos
686 1986 943 2051 Ordinariorum
960 1986 1306 2074 subducerelegibus.
1324 1986 1443 2068 Itaque

354 2069 512 2132 monachi
537 2089 750 2134 ,communem
778 2071 896 2150 reliqui
922 2070 1035 2153 populi
1052 2069 1062 2106 ³
1079 2068 1246 2132 debebant
1273 2069 1442 2149 Episcopo

349 2153 592 2214 obedientiam.
926 2165 927 2168 ’

288 2231 291 2239 ‘
350 2248 354 2252 ·
384 2237 427 2312 c)
444 2235 479 2296 Si
502 2234 599 2296 omitt
614 2255 688 2296 mus
712 2235 872 2297 Instituta
896 2254 982 2315 quae
999 2206 1062 2299 SS.
1079 2234 1238 2316 Episcopi
1263 2253 1303 2297 eo
1325 2233 1442 2296 funda-

141 2382 267 2432 Clerialus.

354 2328 434 2377 runt
464 2317 603 2379 consilio
633 2327 670 2377 ut
700 2337 741 2378 ex
770 2318 927 2398 religiosa
957 2317 1133 2398 disciplina
1163 2318 1350 2382 sanctiores
1380 2315 1442 2376 sibi

354 2399 560 2459 asciscerent
576 2398 760 2474 ministros,
779 2419 845 2460 non
856 2400 967 2480 perse,
985 2401 1043 2466 sed
1053 2397 1259 2479 peraccedens
1275 2398 1373 2460 iidem
1387 2397 1441 2476 qui

353 2481 511 2542 monachi
532 2489 631 2542 erant
647 2482 770 2558 clerici,
789 2483 836 2542 ita
852 2491 889 2543 ut
905 2501 965 2561 per
981 2481 1113 2560 aliquod
1138 2494 1281 2563 tempus
1294 2479 1440 2562 prohibi·

354 2564 495 2624 tumsit
522 2582 561 2622 ne
589 2565 747 2624 monachi
774 2566 972 2628 clericatum
995 2564 1219 2648 susciperent.
1247 2564 1440 2628 Necessitas

355 2651 467 2704 autem
495 2646 690 2708 monasterii
717 2647 769 2708 vel
796 2646 1012 2726 evangelicae
1040 2647 1208 2710 missionis
1235 2647 1378 2726 cogebat
1405 2653 1442 2706 ut

287 2783 292 2798 .
354 2727 578 2788 ascenderent
594 2729 635 2788 ad
652 2747 769 2788 sacros
785 2729 920 2790 ordines
936 2729 961 2790 ⁵.

396 2808 431 2886 d)
447 2808 623 2871 Communi
641 2829 740 2891 prece
762 2831 847 2890 quae
871 2811 970 2874 statis
994 2811 1204 2894 temporibus
1220 2809 1440 2885 fundebatur,

350 2892 516 2952 suadente
533 2891 634 2954 etiam
652 2913 751 2955 versu
765 2895 890 2957 Psalm.
910 2920 924 2949 e
944 2894 1075 2975 Septies
1092 2894 1124 2956 in
1141 2893 1192 2962 die
1202 2892 1321 2956 laudes
1335 2892 1446 2953 dicam

247 2989 256 2994 ·‘
288 3040 291 3044 ,
354 2973 413 3035 tibi
428 2973 572 3052 Domine
597 3001 610 3030 »
629 2973 767 3036 inducta
783 2987 834 3038 est
850 2977 1013 3058 paulatim
1028 2985 1145 3040 nostra
1161 2977 1325 3042 horarum
1344 2980 1445 3036 cano-

353 3054 507 3116 nicarum
524 3056 632 3118 forma
645 3048 669 3118 ⁶.
952 3101 953 3104 κ

394 3141 427 3215 e)
442 3137 568 3200 Studiis
595 3140 730 3201 minime
752 3160 794 3202 ex
816 3137 1165 3204 instituto'vacabant
1188 3139 1348 3202 monachi
1363 3137 1446 3219 apia

356 3229 470 3299 autem
486 3221 599 3298 lecti0,
617 3241 717 3302 quam
743 3224 844 3304 etiam
870 3223 1035 3297 suadebat
1058 3225 1177 3302 regula
1194 3222 1229 3286 S.
1255 3221 1443 3292 Benedicti,

350 3304 483 3366 invexit
510 3305 544 3366 in
569 3306 776 3368 monasteria
793 3308 904 3368 studia
920 3307 1112 3368 litterarum
1135 3314 1168 3368 et
1190 3305 1325 3368 labores
1346 3303 1443 3366 intel·

352 3572 493 3632 -lQuare
508 3569 577 3618 nihil
595 3570 726 3619 obstabat
744 3570 811 3632 quin
831 3573 904 3622 idern
920 3572 1117 3621 monasterium
1138 3578 1255 3622 mutaret
1267 3572 1389 3634 regulam
1400 3572 1445 3619 vel

355 3631 446 3693 plures
457 3630 538 3676 simul
548 3629 711 3677 admitteret.

351 3689 354 3694 '
380 3687 457 3734 ²Clr.
472 3687 650 3746 D.'Gasqnet,
662 3689 860 3745 Suggiostorico‚
872 3703 898 3747 p.
912 3707 934 3746 9.
949 3697 984 3736 13.
997 3707 1034 3737 ao.
1046 3709 1084 3746 44.

366 3745 512 3808 ·³l'opuli‚
526 3745 648 3804 inquam,
661 3759 716 3791 non
727 3745 874 3804 specialem
885 3747 950 3794 cleri
962 3761 968 3796 :
982 3749 1035 3794 Ct'r.
1055 3748 1220 3800 documenta
1238 3759 1330 3806 supra,
1349 3752 1405 3808 425
1422 3763 1446 3802 2,

353 3813 477 3850 recitata.
501 3815 503 3819 ⁴
525 3840 526 3844 ,
643 3825 646 3831 ’

381 3861 495 3915 ⁴Besse,
512 3857 579 3906 ibid.
660 3917 665 3925 .

381 3917 701 4020 ⁵Siv1etv11ecclcs1ae
719 3917 834 3967 celticae
851 3933 906 3967 non
924 3918 1081 3967 habuerunt
1097 3919 1213 3968 clericos
1230 3932 1300 3978 quos
1316 3932 1450 3968 vocamus

356 3989 420 4023 secu
433 3989 501 4022 ares.
1372 3990 1375 3994 ’

384 4033 562 4097 fillochesne‚
574 4034 619 4080 Les
631 4034 736 4092 origines
747 4034 777 4080 du
788 4035 854 4100 celte,
867 4050 893 4091 p.
906 4033 1022 4100 433tfine.
1042 4034 1169 4084 Rationis
1188 4049 1243 4098 qua
1261 4033 1451 4099 celebraretur

355 4089 478 4138 officium
496 4091 622 4138 divinum
642 4106 658 4138 a
676 4092 819 4140 monachis
831 4095 893 4150 AEp
917 4103 1016 4151 ptiacis
1033 4106 1060 4140 et
1076 4091 1330 4143 Palaestinensibus
1352 4100 1452 4141 testem

356 4149 537 4208 praecipuum
549 4148 866 4214 habemuscasslanum.
907 4151 972 4198 ellat.
991 4169 1004 4198 2
1018 4160 1044 4196 et
1056 4159 1068 4197 3
1084 4151 1199 4208 (Butler,
1211 4164 1256 4216 op.
1269 4150 1315 4198 cit.
1336 4164 1360 4212 p.
1382 4151 1451 4206 204i3

358 4219 576 4271 auctorem-vero,
588 4209 614 4255 S.
630 4209 774 4264 Basilium,
786 4223 840 4267 reg.
856 4209 907 4256 lus.
926 4218 959 4254 tr.
979 4215 1006 4263 37
1025 4210 1126 4264 issesse,
1144 4223 1188 4266 op.
1209 4217 1253 4258 cit.
1277 4223 1304 4266 p.
1323 4213 1373 4264 3³4
1388 4214 1449 4258 335l.

359 4265 448 4312 Fuere
467 4275 549 4312 enam
570 4279 597 4312 in
615 4266 728 4313 Oriente
747 4267 912 4314 monasteria
933 4267 960 4312 in
980 4265 1082 4325 quibus
1103 4265 1288 4320 indesinenter
1302 4263 1450 4314 resonabat

358 4323 531 4370 Psalmorum
554 4334 660 4370 cantus.
682 4325 725 4370 Ad
745 4323 795 4371 hos
813 4325 950 4383 pertinent
970 4323 1097 4372 monachi
1120 4323 1232 4375 abbatis
1252 4322 1399 4371 Alexandri
1420 4323 1449 4370 in
