3142 5004
14 467 20 498 r
133 440 308 524 [Ml-313]
353 435 421 497 ⁴ort
437 458 669 496 oetionmomaus
685 458 821 495 aaarotost
839 459 965 495 naorassr
1160 435 1216 499 181

131 599 262 682 guineis
280 597 313 660 in
332 610 362 661 1⁰
388 601 422 659 et
444 608 477 658 2ο
492 595 613 677 gradu,
638 600 671 658 et
688 609 808 676 quater
834 589 868 658 in
883 616 984 660 anno.
1002 597 1101 658 -Et
1117 596 1218 660 certis

132 679 385 747 condicionibus
401 679 485 742 haec
501 678 637 742 licentia
650 689 701 742 est
717 677 874 742 obnoxia.

172 790 203 849 3.
220 762 372 828 Indebite
387 762 599 839 accedentes,
617 761 645 823 si
662 762 728 825 sint
753 760 827 824 laici
840 761 886 824 vel
898 760 999 823 clerici
1012 761 1170 842 scrutarer,
1185 770 1218 827 et

131 851 162 916 id
174 850 345 930 frequenter
361 844 498 923 faciant,
516 845 618 907 certis
634 844 750 926 poenis
766 843 924 907 ferendae
939 844 1127 908 sentcntiae
1140 848 1217 909 sub-

126 937 252 1019 jacent.
272 928 401 1010 Singuli
414 929 502 991 enim
517 946 687 1006 accessus,
701 927 766 990 nisi
781 927 936 1009 specialis
949 927 1090 990 accedat
1105 929 1217 1010 prohi-

130 1017 222 1096 biti0,
259 1017 423 1098 putantur
448 1012 540 1074 leves
566 1015 694 1074 reatus
724 1010 762 1072 C.
798 1009 1010 1090 d’Annibale‚
1041 1010 1215 1091 Summula,

127 1109 151 1166 t.
220 1119 253 1163 n.
275 1101 347 1160 228.

169 1122 205 1247 {i
232 1199 314 1244 vero
339 1176 510 1260 Regulares
526 1175 597 1239 sine
613 1174 750 1239 licentia
764 1175 982 1253 accesserint,
997 1177 1217 1258 colloquendo

128 1267 229 1331 etiam
251 1269 307 1345 per
331 1260 540 1342 quodcumque
570 1257 726 1321 modicam
749 1260 891 1342 temporis
916 1257 1061 1341 spatium,
1089 1260 1218 1323 faciunt

130 1352 307 1433 peccatum
338 1362 453 1426 grave.
485 1344 692 1423 Statuuntur
719 1348 753 1405 et
783 1342 870 1405 aliae
896 1360 1036 1424 poenae,
1061 1342 1162 1406 etiam
1190 1345 1217 1406 si

128 1451 212 1506 raro,
227 1429 339 1507 immo,
358 1425 542 1490 secundum
559 1445 681 1508 graves
697 1431 868 1504 auctores,
882 1428 910 1489 si
925 1423 1015 1486 santet
1029 1426 1193 1489 accedant
1208 1448 1215 1504 ;

131 1524 164 1578 et
179 1512 368 1597 Episcopus
384 1528 441 1572 eos
458 1507 806 1573 excommunicatione
823 1526 981 1571 coercere
996 1514 1117 1592 potest.
1145 1509 1188 1572 Cf
1208 1555 1216 1574 .

133 1598 224 1660 decr.
250 1594 286 1658 S.
303 1594 430 1673 Congr.
448 1591 592 1670 concilii,
617 1611 650 1655 ν.
676 1611 728 1672 gr.
745 1591 833 1674 apud
849 1591 884 1654 S.
903 1589 1124 1673 Alphonsurn,
1142 1594 1164 1656 l.
1185 1613 1215 1674 7,

132 1701 165 1742 n.
190 1683 272 1756 2363
300 1676 387 1753 Piat,
413 1682 438 1738 t.
467 1695 494 1752 1,
519 1694 551 1755 p.
580 1695 651 1754 391,
680 1679 772 1752 nota,
797 1680 862 1738 etc.
887 1673 1078 1738 Verborum
1103 1681 1216 1738 tamen

133 1759 348 1825 severitatem
377 1757 630 1840 temperandam
661 1756 829 1819 duxerunt
856 1756 1082 1838 probatissimi
1112 1759 1216 1843 scrip·

131 1852 235 1922 tores,
274 1841 495 1903 observantes
518 1838 683 1902 absonum
707 1839 778 1902 fore
802 1839 829 1901 si
852 1841 1038 1922 imputares
1060 1842 1216 1905 Pontifici

129 1933 275 1990 mentem
288 1922 426 1986 tollendi
439 1921 643 2005 parvitatem
658 1922 820 1985 materiae
836 1941 921 2003 quae
934 1922 1035 1985 etiam
1048 1922 1081 1986 in
1096 1924 1216 1987 divinis

126 2007 315 2072 admittitur
339 2005 542 2088 praeceptis.
559 2005 665 2068 Immo
683 2025 759 2068 cum
785 2005 920 2083 diserte,
938 2006 1042 2068 allato
1065 2007 1213 2084 decreto,

125 2090 327 2175 reprobetur
354 2087 466 2169 opinio
493 2086 692 2169 permittens
720 2088 886 2169 colloquia
908 2106 968 2171 per
993 2088 1215 2167 quadrantem

126 2177 231 2239 horae
255 2192 331 2234 cum
347 2169 494 2248 dimidi0,
514 2176 593 2231 sunt
610 2169 665 2250 qui
682 2170 724 2233 ad
738 2190 878 2251 gravem
895 2175 1026 2232 reatum
1043 2171 1217 2253 postulent

127 2254 383 2322 collocutionem
400 2271 460 2337 per
476 2252 711 2334 quadrantem.
738 2252 806 2315 cfr.
833 2253 869 2316 S.
888 2253 1110 2334 Alphonsum,
1135 2252 1156 2317 l.
1184 2273 1214 2334 7,

128 2361 161 2405 n.
176 2345 254 2420 236;
270 2337 309 2402 C.
324 2335 535 2413 d’Annibale,
551 2335 724 2405 Summulo,
742 2341 768 2400 t.
787 2357 817 2416 3,
835 2355 868 2399 n.
883 2342 955 2399 228.

230 2541 245 2630 t
273 2554 309 2612 2.
339 2529 409 2611 De
436 2527 701 2636 Oblr'galr'one
719 2527 903 2636 gerendi
926 2527 1116 2610 2222222

126 2750 293 2818 Passerini,
307 2751 346 2805 De
358 2749 502 2806 bornicum
513 2748 642 2811 statibus,
655 2748 674 2800 t.
686 2748 710 2811 3,
723 2746 752 2800 in
765 2747 788 2810 2,
800 2748 824 2810 2,
837 2761 861 2814 q.
876 2748 931 2811 189,
944 2748 996 2800 art.
1008 2748 1032 2810 8,
1049 2761 1075 2814 p.
1088 2749 1138 2802 450
1149 2759 1217 2815 sqq;

159 2831 307 2892 Sauonez,
320 2830 354 2883 In
366 2829 544 2896 Decolopum,
559 2827 578 2883 l.
592 2829 616 2891 6,
629 2843 652 2881 2.
665 2828 690 2889 8,
700 2840 727 2878 n.
740 2828 763 2878 4.
775 2829 798 2879 5.
811 2828 843 2879 49
857 2840 917 2894 sqq.
928 2838 935 2891 ;
947 2827 1072 2893 suarez,
1090 2828 1130 2882 De
1150 2828 1216 2884 ltali-

158 2907 247 2974 pione,
267 2907 302 2958 tr.
320 2906 343 2968 8,
361 2905 378 2958 l.
398 2908 420 2968 l,
439 2921 462 2961 2.
482 2908 513 2969 5;
531 2907 665 2973 Lessius,
685 2905 724 2960 De
739 2904 863 2971 justitio,
882 2903 944 2966 etc..
956 2902 974 2956 l.
987 2904 1010 2967 2,
1023 2918 1047 2958 c.
1061 2906 1101 2967 41,
1113 2918 1139 2958 n.
1154 2907 1217 2963 109;

157 2985 352 3049 Pelllzarius,
371 2985 510 3046 Manuale,
531 2984 592 3049 eto,
613 2985 647 3038 tr.
665 2988 688 3047 5,
710 3000 732 3037 2.
747 2987 773 3047 l;
796 2985 889 3038 Troct.
908 2982 939 3036 22
959 2983 1137 3050 Martialibus,
1158 2999 1180 3037 c.
1194 2986 1217 3040 6,

157 3074 184 3113 n.
205 3061 252 3123 21;
274 3061 432 3127 Rotarlus,
461 3061 550 3116 Theol.
572 3076 642 3115 mor.
664 3077 731 3128 rep,
750 3063 768 3114 t.
788 3060 845 3124 1,1.
864 3062 888 3123 3,
906 3075 929 3112 c.
949 3063 971 3128 l,
990 3062 1086 3128 punct.
1101 3065 1131 3127 13
1152 3077 1175 3115 2.
1193 3065 1217 3125 4,

157 3137 253 3205 punct.
270 3138 310 3203 10,
330 3149 357 3188 n.
379 3137 451 3202 6-12;
472 3139 628 3204 Solimier,
647 3137 878 3204 Jurisprndenlio
897 3137 1143 3204 oenomao-cicilie,
1163 3140 1181 3192 l.
1194 3142 1217 3208 3,

158 3230 184 3283 p.
202 3216 263 3280 294;
281 3215 393 3280 Bouix,
411 3215 450 3269 Da
467 3217 535 3270 Jure
554 3215 736 3282 2222222222,
756 3214 774 3266 t.
793 3215 816 3275 2,
835 3227 860 3279 p.
874 3214 897 3276 6,
911 3227 932 3265 s.
945 3215 969 3273 5,
983 3227 1005 3265 2.
1018 3215 1042 3276 6,
1054 3228 1080 3280 p.
1092 3216 1216 3277 584-589;

158 3295 236 3363 Piat,
254 3292 457 3350 Proeleott‘ones
471 3292 531 3360 jur.
545 3293 640 3361 22222,
654 3305 671 3356 1,
683 3306 708 3359 p.
720 3293 845 3356 300-309;
864 3293 1005 3360 Angelus
1017 3307 1034 3346 a
1044 3293 1094 3346 SS.
1109 3295 1218 3352 Corde,

160 3371 301 3434 llttnnale,
315 3369 376 3433 eto,
389 3380 407 3434 1,
419 3381 445 3435 p.
458 3368 576 3421 359-364.

170 3537 258 3602 313.
279 3557 306 3599 r.
330 3534 367 3596 In
392 3533 572 3597 Ordinibus
596 3533 652 3616 qui
662 3533 789 3616 proprio
805 3541 948 3598 utuntur
975 3533 1119 3598 habitu¹
1142 3535 1217 3599 reli·
1300 3551 1390 3619 22222

129 3619 214 3702 giosi
227 3617 320 3702 gravi
335 3625 494 3680 tenentur
506 3616 710 3700 obligatione
726 3618 879 3681 indutum
893 3618 1038 3682 habendi
1050 3619 1216 3683 habitum.
1272 3608 1395 3668 ⁰0²'3a¹²⁰·

171 3723 201 3764 2.
220 3703 325 3764 Immo
342 3700 693 3764 excommunicatione
709 3701 798 3764 latae
815 3703 1002 3765 sententiae
1019 3701 1077 3764 sed
1094 3703 1216 3765 nemini
1301 3720 1364 3767 Lara
1381 3734 1431 3768 oen-

130 3791 305 3848 reservata
335 3786 531 3866 plectuntur
566 3784 588 3846 ii
622 3783 677 3864 qui
707 3783 780 3846 sine
806 3785 900 3867 justa
931 3804 1035 3847 causa
1065 3784 1218 3849 habitum
1272 3792 1338 3825 sura.

128 3874 257 3952 ponunt
273 3868 296 3929 ².
313 3868 411 3951 Justa
435 3886 540 3930 causa
562 3872 624 3946 est,
640 3887 674 3931 v.
688 3886 739 3949 gr.
754 3867 793 3945 si,
808 3868 850 3931 ad
864 3868 928 3931 iter
943 3867 1133 3931 faciendum
1158 3887 1217 3951 per
1302 3889 1393 3936 Causae

126 3949 308 4013 infidelium
328 3951 483 4032 regiones
495 3951 550 4013 vel
563 3949 682 4013 ibidem
699 3951 963 4034 praedicandum
979 3949 1216 4032 Evangelium,
1272 3951 1414 3997 excusantes.

124 4031 351 4118 periculosum
385 4034 472 4097 foret
495 4052 614 4115 gerere
642 4033 796 4097 habitum
823 4033 846 4099 ³.
882 4035 982 4097 Patet
1006 4033 1108 4097 etiam
1142 4054 1218 4098 eum

128 4203 469 4213 ——..-—.----.-—-

156 4273 162 4306 ¹
177 4267 300 4320 Societas
311 4269 375 4335 Jesu
388 4281 562 4318 communem
574 4267 665 4319 induit
676 4272 778 4317 vestem
790 4267 954 4318 clericalem.

154 4343 163 4376 ²
176 4341 206 4389 C.
223 4342 259 4389 Ut
272 4338 437 4400 periculosa,
451 4359 473 4397 2,
485 4341 522 4388 Ne
533 4340 613 4389 clerici
623 4340 657 4388 vel
667 4342 778 4388 monachi
788 4345 851 4398 eto,
865 4339 893 4388 in
904 4349 917 4388 6
927 4345 976 4398 (ιιι,
992 4341 1039 4399 22.)

158 4412 168 4444 ³
179 4409 234 4459 Clr.
248 4423 318 4470 resp.
333 4410 417 4470 Prop.
432 4409 493 4458 Fid.
509 4410 579 4470 rjul.
595 4415 660 4467 1752,
673 4410 825 4461 collectanea.
839 4425 865 4458 n.
879 4426 929 4469 279·
