3148 5004
88 469 92 478 ,
161 423 299 505 [67-70]
454 443 492 486 ur:
507 444 595 480 entim
612 396 711 478 eitun
727 443 951 480 consrirurroue
1086 409 1102 416 ‚.
1210 424 1249 486 47

156 569 219 644 lias
237 579 420 643 muliebres
437 593 524 659 quae
541 579 596 641 diu
620 585 791 660 noctuque
807 580 918 641 adsint
941 579 1089 662 aegrotis
1106 581 1138 644 in
1161 581 1271 663 ipso-'

158 685 233 726 rum
258 665 375 740 domo;
400 699 440 708 -
463 663 517 723 vel
544 682 630 742 quae
646 683 725 724 suas
741 663 840 724 aedes
857 662 1023 726 destinent
1047 663 1249 742 excipiendis

157 746 417 827 aegrotantibus
443 745 596 828 personis
623 746 798 826 utriusque
825 765 937 818 sexus,
966 753 1024 807 aut
1051 746 1248 809 nominatim

159 829 407 892 sacerdotibus

194 914 265 984 69.
284 911 450 974 Sollemne
464 911 635 972 decretum
651 930 716 991 quo
730 929 888 991 suprema*
900 917 1050 992 potestas
1062 910 1246 990 Ecclesiae,

162 995 195 1055 h.
210 1015 240 1056 e.
258 994 415 1057 Summus
431 993 586 1056 Pontifex
600 995 671 1056 sive
688 997 778 1054 solus
795 993 865 1054 sive
882 993 914 1054 in
932 993 1076 1056 concilio
1093 1014 1250 1056 oecume-

161 1078 249 1152 nic0,
268 1078 398 1158 probat,
416 1080 476 1157 pro
498 1081 562 1137 toto
584 1075 735 1153 Ecclesia,
754 1077 892 1156 ¹aliquod
908 1077 1103 1138 Institutum
1123 1085 1160 1138 ut
1182 1096 1248 1138 vere

159 1158 312 1242 regolare,
352 1160 514 1235 continet,
553 1160 738 1221 secundum
781 1179 994 1221 communem
1031 1160 1253 1236 sententiam,

160 1242 331 1304 infallibile
342 1242 505 1324 judiciuin
531 1261 596 1322 quo
612 1249 747 1304 constat
771 1241 922 1304 fidelibus
948 1243 1011 1302 hoe
1027 1242 1117 1303 vitae
1142 1263 1247 1322 genus

161 1345 228 1386 non
242 1328 349 1386 solum
362 1327 453 1387 nullo
470 1325 693 1387 inhonestatis
709 1325 791 1386 vitio
808 1324 992 1407 deturpari.
1011 1345 1128 1386 verum
1145 1325 1247 1388 etiam

161 1415 274 1489 aptam
301 1409 431 1470 munire
458 1408 547 1468 viam
574 1409 616 1470 ad
643 1407 874 1488 evangelicam
900 1407 1150 1490 perfectionem.
1176 1408 1246 1473 Ctr.

105 1543 115 1558 .
160 1491 288 1552 Suarez
303 1491 352 1552 De
367 1489 438 1552 Rel.
455 1498 480 1553 t.
498 1513 527 1570 7,
546 1492 567 1553 l.
586 1513 616 1568 2,
636 1510 665 1552 e.
687 1511 734 1570 17,
753 1512 786 1552 n.
807 1510 855 1570 17.

201 1574 264 1639 70.
292 1597 320 1636 1.
346 1573 478 1654 Duplici
504 1576 612 1635 utitur
636 1573 671 1634 S.
690 1573 793 1635 Sedes
818 1593 947 1654 organo
970 1573 1010 1634 ad
1029 1575 1248 1657 approbanda

159 1657 319 1718 Instituta
336 1657 505 1736 religiosa.
566 1691 569 1698 ·
725 1729 728 1734 Ι
1063 1659 1066 1663 ’

199 1740 264 1801 Per
281 1759 316 1799 se
332 1759 386 1800 res
402 1741 547 1821 pertinet
572 1737 613 1800 ad
640 1737 676 1802 S.
696 1737 999 1820 Congregationem
1027 1739 1248 1820 Episcopornnr

158 1825 186 1881 et
200 1821 419 1903 Regulorirnn.

201 1903 236 1966 Si
267 1924 352 1986 quae
386 1913 499 1966 tamen
534 1904 588 1965 vel
617 1910 801 1966 nascantur
837 1904 869 1965 in
899 1904 1036 1984 regione
1070 1906 1248 1968 commissa

160 1986 196 2049 S.
214 1987 478 2068 Congregationi
501 1988 745 2068 Propagandae
771 1986 875 2065 Fidei,
904 1991 956 2048 vel
983 1988 1147 2049 adfinem
1171 1989 1248 2050 Mis-

159 2070 291 2132 sionum
321 2069 551 2150 principaliter
581 2069 782 2149 dirigantur,
814 2069 1014 2149 approbatio
1045 2078 1175 2152 spectat
1205 2070 1247 2131 ad

161 2152 196 2214 S.
221 2152 775 2233 Congregationem-Propognndoe
809 2151 913 2219 Fidei,
949 2153 1001 2212 cui
1029 2153 1267 2247 conjunctum!

159 2242 211 2294 est
226 2236 396 2315 peculiare
412 2235 588 2297 consilium
606 2234 647 2297 ad
664 2235 746 2296 istas
762 2253 883 2296 causas
899 2233 1143 2296 deliberandas.

195 2355 223 2395 2.
235 2339 314 2394 'Non
337 2349 455 2396 tantum
476 2341 550 2396 solet
576 2339 606 2398 S.
633 2339 725 2398 Sedes
751 2340 900 2412 postulare
926 2348 959 2396 ut
984 2340 1064 2412 prius
1088 2340 1248 2413 episcopali

160 2423 305 2494 regimine
319 2425 468 2496 explorata
486 2426 524 2481 sit
537 2424 668 2481 Instituti
683 2425 805 2494 utilitas,
819 2441 923 2480 verum
938 2423 1029 2480 etiam
1044 2426 1108 2480 vult
1119 2426 1248 2497 plerum·-

160 2524 218 2580 que
229 2515 262 2562 ut
274 2507 418 2579 gradatim
432 2509 469 2564 ad
483 2526 583 2564 veram
595 2508 772 2564 ascendatur
785 2507 1043 2579 approbationem.

196 2589 326 2647 Obtenta
341 2591 429 2662 igitur
448 2591 709 2648 commendatione
729 2590 916 2660 Antistitum,
940 2609 1001 2646 non
1024 2608 1091 2647 raro
1113 2601 1249 2665 antegre·
1282 2610 1283 2614 ’

158 2675 237 2732 ditur
249 2671 396 2732 decretrnn
410 2666 521 2732 lendis.

194 2758 305 2831 Elapso
332 2759 463 2831 quodam
489 2759 594 2832 spatio,
620 2753 826 2836 approbanter
851 2757 932 2830 ipsae
956 2756 1185 2830 constitutiones,
1217 2769 1249 2817 ut

158 2842 322 2915 plurimum
336 2843 374 2898 ad
388 2853 508 2914 tempus
516 2859 525 2912 ;

192 2925 331 2998 Denique
344 2921 530 3004 approbator
543 2926 641 2998 ipsum
654 2923 831 2988 Institntntn
846 2940 866 2985 ¹.

194 3007 248 3077 lta,
264 3027 370 3080 nuper,
387 3011 416 3064 in
438 3007 552 3079 Belgio,
576 3009 686 3083 Congr.
708 3006 905 3072 Innioenloti
917 3004 1026 3069 Cordis
1039 3007 1079 3067 Β.
1096 3005 1141 3068 M.
1158 3007 1195 3069 V.
1208 3007 1251 3069 od

150 3089 247 3170 fidene
270 3089 452 3170 infidelibus,
476 3091 656 3172 praesertim
684 3091 834 3156 Sinonem
857 3093 978 3175 populis
999 3091 1246 3172 praedicendam,

140 3179 236 3254 ‘dicta
246 3197 264 3234 a
274 3177 464 3246 Scheutveld‚
476 3195 553 3250 quae
563 3181 654 3251 prius,
666 3190 811 3253 tanquam
824 3181 1023 3252 congregatio
1038 3181 1252 3248 ecclesiastica,¹

158 3263 322 3336 approbata
336 3262 430 3324 estab
443 3262 674 3336 Archiepiscopo
689 3263 908 3334 Mechliniensi,
928 3265 963 3320 28
977 3281 1047 3319 nov.
1064 3262 1144 3332 1862,
1161 3273 1248 3319 nacta

157 3356 236 3404 esta
258 3345 289 3403 S.
315 3346 411 3420 Cong.
426 3347 514 3418 Prop.
529 3346 613 3403 Fidei
627 3348 778 3403 decretum
804 3348 910 3416 laudis,
939 3363 972 3418 14
995 3363 1064 3402 nov.
1083 3345 1162 3417 1863,
1179 3345 1247 3400 dein

157 3432 353 3488 decennalem
378 3431 636 3504 approbationem,
661 3449 712 3504 per
738 3432 861 3488 modum
887 3429 1094 3502 experimenti,
1120 3427 1153 3484 16
1172 3438 1246 3501 sept.

160 3517 239 3585 1388,
254 3516 349 3572 donec
362 3513 515 3571 definitive
527 3526 572 3572 est
585 3517 759 3588 approbata,
774 3532 811 3572 ao
819 3515 888 3591 julii
905 3529 985 3588 1900.
1249 3517 1252 3526 “

194 3614 221 3671 3.
238 3596 296 3670 Ipsi
311 3599 518 3671 approbationi
534 3598 666 3656 instituti
680 3611 817 3656 votorum
834 3600 1016 3673 simplicium
1030 3597 1160 3654 accessio
1174 3596 1249 3655 foret

156 3682 264 3738 erectio
274 3681 438 3755 Religionis
452 3684 569 3757 proprie
582 3683 659 3755 talis,
674 3702 743 3740 cum
755 3685 832 3740 votis
843 3683 1050 3741 sollemnibus

192 3766 291 3840 Atque
315 3767 390 3823 haec
415 3768 599 3823 incrementa
624 3766 706 3824 fuere
731 3763 1010 3826 Bethleenntornrn.
1038 3766 1140 3823 Primo
1163 3774 1249 3823 erant

156 3849 381 3906 confraternitas
403 3846 598 3928 hospitalario
624 3869 643 3907 a
670 3851 757 3908 Petro
790 3851 968 3920 Betancour,
1001 3851 1079 3907 circa
1109 3850 1186 3924 1653,
1218 3851 1248 3906 in

158 3932 250 3990 Indiis
275 3933 478 3992 Orientalibus
504 3933 638 4004 lundata,
664 3945 693 3992 et
719 3947 751 3992 ut
777 3937 843 3992 talis
871 3955 889 3992 a
914 3935 945 3992 S.
971 3935 1048 3991 Sede
1071 3933 1249 3991 confirmata

155 4027 186 4074 a⁰
207 4016 284 4090 1674.
306 4016 393 4073 Hanc
415 4013 604 4076 Innocentius
623 4035 672 4087 xi„
689 4018 723 4076 C.
747 4014 897 4077 Ecclesiae
915 4013 1089 4088 eolleolicoe,
1104 4035 1139 4092 29
1159 4030 1246 4076 mart.

184 4228 191 4260 ¹
203 4224 287 4274 Binos
299 4225 364 4274 istos
375 4227 475 4286 gradus
487 4224 630 4286 distinguit
639 4225 670 4273 C.
684 4223 934 4279 ConditoeoClrristo‚
945 4191 1138 4282 pertineognitos
1150 4223 1256 4274 Consti,

156 4283 263 4332 lotiones.
277 4285 375 4332 Cetera
387 4285 421 4332 de
432 4299 483 4332 usu
501 4285 526 4332 S.
542 4284 639 4341 Congr.
655 4284 705 4341 Ep.
718 4293 745 4329 et
756 4285 822 4339 Reg.
837 4290 970 4329 testantur
983 4281 1116 4335 Bizearri.
1132 4279 1244 4328 citten-

156 4356 207 4392 neo.
229 4342 355 4400 Append.
380 4360 389 4388 1
409 4357 436 4402 p.
459 4349 511 4398 828,
533 4350 561 4388 et
582 4339 681 4388 Lucidi
702 4341 739 4386 De
764 4341 909 4387 Visitatr'o'ae
928 4353 1053 4386 soenorum
1071 4339 1191 4391 liminum,
1214 4351 1244 4394 tt,

158 4413 186 4458 p.
199 4405 241 4448 255
252 4414 312 4460 sqq.

1332 929 1461 992 Insallt'bil-

1303 988 1360 1036 lites
1380 990 1460 1037 Eccle-

1302 1061 1352 1153 piene
1372 1050 1397 1094 in
1417 1049 1460 1098 loo

1333 1575 1385 1665 Qttn
1396 1607 1436 1652 t'io

1302 1664 1330 1712 S.
1343 1663 1412 1709 Sedes
1421 1670 1461 1723 op·

1300 1721 1461 1781 probetlnsti-

1286 1819 1291 1830 ,
1304 1784 1354 1825 tuto
1366 1779 1419 1824 reli-

1300 1840 1380 1896 glosa.

1327 1948 1460 2004 Congrege-

1303 2007 1376 2051 tr'onrs
1399 2018 1461 2050 com-

1300 2067 1405 2123 petentes.
