3138 5014
330 383 391 447 28⁶2
692 408 760 444 rans
774 407 902 444 serrrun.
920 408 1012 444 cnaur
1025 407 1057 444 111

373 542 532 628 Corporis
548 548 662 608 tamen
685 545 740 608 vel
754 544 877 610 mentis
892 543 1070 610 infirmitas
1092 549 1227 631 (utputa
1255 549 1419 630 scrupuli)

331 647 435 773 cauga
457 647 531 690 esse
557 632 701 711 possunt
730 646 791 691 cur
816 627 928 692 socius
957 628 1068 692 minus
1094 629 1235 694 idoneus
1263 631 1307 694 sit
1330 631 1421 714 judi·

331 729 471 775 canus.
1287 748 1290 752 -

372 793 459 876 Quid
475 797 503 860 si
519 794 677 859 sacerdos
695 793 860 876 regularis
876 793 1037 858 scientiae
1053 815 1135 858 suae
1151 814 1218 858 non
1236 794 1315 859 fecit
1330 796 1418 879 peri-

331 876 470 940 culum?
509 878 594 942 Cum
630 877 686 941 alii
722 877 823 941 talem
860 875 1076 941 nihilominus
1110 877 1304 942 existiment
1339 897 1419 942 esse

330 959 498 1039 idoneum,
527 961 583 1025 alii
610 968 731 1024 contra
752 960 982 1043 judicaverint
1004 961 1232 1042 repellendum
1259 961 1281 1038 ¹,
1306 962 1419 1026 soluta

329 1042 394 1105 erit
420 1044 511 1126 optio
527 1044 708 1108 confitendi
734 1044 823 1126 apud
839 1043 941 1106 talem
958 1043 1088 1108 socium
1116 1046 1171 1108 vel
1193 1045 1282 1127 apud
1305 1063 1417 1108 sacer-

330 1124 442 1188 dotem
464 1133 675 1190 extraneum.

135 1217 201 1285 ¹Hoc
221 1217 275 1285 aqi-
371 1208 514 1273 Idoneus
540 1211 629 1274 enim
651 1209 679 1272 si
694 1209 779 1272 desit
795 1209 907 1272 socius
924 1209 978 1273 vel
994 1207 1078 1272 nolit
1093 1208 1213 1273 audire·
1234 1208 1416 1275 confessio·

117 1280 189 1380 m
208 1289 277 1383 2322.
329 1309 417 1370 nem,
434 1294 621 1374 Regulares
636 1291 819 1374 quemlibet
835 1292 1047 1355 sacerdotem
1062 1291 1207 1355 idoneum
1228 1292 1416 1358 secularem

113 1391 209 1450 possa?
329 1374 383 1436 vel
408 1379 599 1457 regularem
625 1375 716 1437 adire
742 1380 896 1459 possunt.
915 1375 1091 1458 Quomodo
1118 1373 1153 1438 hi
1175 1375 1321 1438 debeant
1344 1396 1416 1440 esse

329 1459 517 1539 approbati,
536 1456 678 1522 diximus
701 1477 735 1521 n.
759 1459 869 1538 416,2.

144 1540 275 1632 Facetias,
370 1540 465 1623 Quae
473 1541 661 1605 itinerantis
674 1539 839 1604 confessio
848 1560 923 1603 cum
936 1541 1040 1604 tacito
1049 1540 1239 1622 Superioris
1249 1560 1417 1604 consensu

116 1599 268 1658 Superioris.
328 1630 522 1704 peragatur,
532 1622 881 1706 Superioriintegrum
893 1628 945 1686 est
957 1623 1045 1686 hanc
1058 1623 1261 1685 contrahere
1276 1623 1417 1686 faculta-

329 1713 408 1784 tem,
426 1706 572 1770 vetando
582 1725 613 1769 v.
623 1724 674 1786 gr.
685 1725 726 1767 ne
739 1707 767 1767 al
774 1706 841 1768 ium
853 1706 1123 1789 adeant'praeter
1135 1706 1348 1786 Regularem.
1362 1707 1416 1770 Ita

328 1785 415 1864 Piat,
432 1805 455 1866 1,
471 1809 502 1871 p.
515 1791 588 1868 416,
603 1810 626 1868 3v
636 1808 678 1850 ex
699 1787 779 1869 ipsis
796 1789 909 1851 verbis
925 1788 1044 1852 Const.
1061 1788 1146 1851 Sixti
1163 1805 1209 1867 1v,
1228 1786 1414 1870 Sipptiaari.

144 1875 251 1942 aresir-
369 1871 459 1938 470.
477 1875 531 1934 De
554 1873 790 1934 facultatibus
813 1872 1029 1934 Confessarii
1051 1872 1236 1951 regularis.
1264 1893 1291 1936 1.
1317 1872 1417 1955 Quod

115 1937 274 2050 Ξῗζῗξζήζζζ
329 1951 370 2016 ad
393 1972 479 2015 casus
500 1954 533 2016 in
556 1952 673 2018 Ordine
688 1957 874 2016 reservatos:

116 2049 274 2107 sarrusperse
370 2037 403 2115 a)
419 2038 485 2100 Per
500 2057 547 2115 se,
565 2035 637 2099 sine
651 2034 776 2118 speciali
783 2035 935 2118 facultate
949 2037 973 2114 ²,
987 2036 1083 2118 cujus
1100 2036 1151 2099 vis
1167 2055 1209 2098 ex
1223 2041 1393 2118 potestate
1407 2037 1418 2074 ³

115 2105 233 2224 ffissss'm
328 2124 363 2181 et
375 2125 487 2183 mente
499 2119 775 2182 concedentisest
786 2119 1175 2201 prudentercolligenda,
1187 2117 1417 2184 confessarius

197 2199 203 2212 '
329 2202 535 2282 regularium
551 2201 666 2284 nequit
681 2202 857 2265 absolvere
872 2222 892 2264 a
907 2201 1026 2264 casibus
1037 2201 1071 2264 in
1083 2200 1189 2263 ardiae
1200 2202 1374 2265 reservatis.

122 2343 125 2351 Ι
143 2286 207 2353 Quia
220 2289 246 2336 tn
371 2286 404 2363 b)
417 2285 455 2348 In
469 2285 599 2363 itinere,
613 2285 799 2366 Regulares
812 2305 879 2348 non
892 2291 1063 2368 poterunt,
1081 2284 1177 2347 salvo
1185 2284 1263 2366 jure
1279 2285 1418 2365 speciali

115 2346 218 2394 ''mm‘'
330 2366 475 2437 Ordinis,
501 2369 543 2430 ab
568 2367 685 2431 iisdem
706 2367 839 2431 casibus
867 2367 929 2431 nisi
951 2367 1097 2440 indirecte
1119 2367 1262 2431 absolvi.
1287 2369 1415 2450 Quare„

330 2450 357 2513 si
371 2449 554 2513 necessitas
570 2449 615 2512 sit
631 2449 823 2528 confitendi,
837 2469 904 2512 non
920 2449 1079 2513 ridentur
1091 2449 1235 2531 astringi
1251 2449 1293 2512 ad
1306 2449 1416 2512 decla·

330 2531 437 2595 randa
449 2531 515 2594 ista
530 2538 671 2613 peccata
686 2533 857 2597 sacerdoti
870 2532 925 2614 qui
938 2540 1033 2595 caret
1049 2532 1223 2595 facultate.
1236 2529 1411 2594 Ballerini·

329 2614 498 2692 Palmieri,
516 2615 597 2698 Opus
610 2612 702 2677 rteot.
719 2614 817 2679 Tom.
832 2633 865 2692 v,
883 2625 927 2679 tr.
947 2638 995 2692 10,
1013 2635 1041 2679 s.
1056 2633 1086 2694 5,
1104 2634 1138 2679 n.
1156 2619 1258 2697 64o,4.

144 2703 209 2764 Quia
225 2707 248 2752 sa·
372 2700 402 2774 c)
418 2698 515 2780 Quod
530 2695 653 2760 attinet
667 2697 710 2759 ad
726 2717 812 2760 casus
826 2697 887 2781 ipsi
908 2697 1069 2778 Superiori
1081 2695 1221 2780 regulari
1232 2697 1409 2762 reservatos,

114 2761 256 2868 {msa'
329 2778 357 2840 si
381 2779 616 2843 Confessarius
640 2780 821 2861 deputatus
838 2780 879 2842 ad
896 2780 1080 2843 audiendas
1104 2776 1306 2862 regularium
1330 2794 1410 2838 con·

329 2862 491 2925 sessiones
502 2861 630 2945 judicet
646 2863 708 2925 sibi
721 2863 970 2927 concedendam
987 2862 1089 2925 fuisse
1105 2862 1300 2925 facultatem
1313 2877 1415 2940 quam

330 2944 491 3027 Superior
527 2946 780 3024 detrectaverit,
820 2944 944 3028 poterit
975 2944 1033 3008 tac
1069 2944 1131 3007 uice
1167 2941 1417 3007 absolutionem

330 3027 545 3092 nihilominus
562 3028 733 3110 impertire
748 3030 771 3092 ⁴.
789 3029 860 3092 Hac
875 3027 937 3091 uice
953 3050 963 3089 .·
979 3028 1063 3090 haec
1077 3026 1182 3090 verba
1198 3045 1265 3090 non
1279 3026 1417 3088 obstant

329 3109 408 3191 quin
425 3111 525 3173 toties
542 3113 672 3192 quoties
685 3131 785 3174 casus
798 3112 950 3175 evenerit
965 3110 1029 3173 hac
1047 3116 1164 3172 utatur
1181 3108 1359 3172 facultate.

369 3193 468 3278 Justa
483 3214 587 3257 causa
602 3194 811 3258 detrectandi
834 3193 936 3257 fuerit
953 3192 980 3255 si
996 3193 1037 3255 ad
1062 3189 1249 3254 cavendum
1266 3209 1416 3255 commu·

329 3276 426 3339 nitati
452 3279 506 3340 vel
520 3277 613 3354 aliis,
641 3276 813 3358 Superiori
828 3296 912 3359 opus
929 3275 972 3338 sit
987 3275 1114 3360 majore
1140 3291 1240 3334 casus
1269 3273 1413 3336 notitia:

328 3360 417 3422 hanc
440 3379 499 3441 per
525 3379 561 3421 se
584 3359 638 3421 uel
663 3379 722 3441 per
759 3359 1003 3422 confessarium
1031 3355 1204 3440 paenitens
1228 3361 1309 3417 tunc
1337 3357 1417 3419 dare

329 3441 438 3504 debet.
463 3441 533 3504 Cfr.
552 3441 691 3520 Suarez,
707 3442 757 3502 De
771 3440 942 3524 Religione,
961 3450 1005 3504 tr.
1025 3463 1073 3520 10,
1099 3442 1121 3503 l.
1139 3444 1170 3517 8,
1188 3457 1218 3502 c.
1236 3456 1267 3517 5,
1294 3458 1328 3502 n.
1356 3458 1414 3516 10;

331 3524 367 3586 C.
386 3524 425 3586 de
442 3524 551 3604 Lug0,
567 3523 617 3583 De
628 3523 835 3603 Paenitentia,
853 3525 885 3588 d.
900 3545 949 3598 ao,
967 3544 995 3586 s.
1010 3546 1041 3605 4.

370 3607 402 3683 d)
418 3605 708 3686 Interdum,v.gr.
719 3606 751 3668 in
765 3608 896 3689 pagella
906 3604 1204 3683 Paenitentiariae,
1221 3599 1417 3667 conceditur

327 3688 471 3750 facultas
500 3688 695 3751 absolvendi
725 3710 745 3751 a
775 3690 909 3753 casibus
946 3689 979 3752 in
1010 3707 1072 3751 suo
1109 3686 1261 3770 ipsorum
1291 3683 1417 3748 Ordine

353 3924 418 4028 iiiia
427 3923 783 4038 rial'raiisl'cimiiriiniitiiibus
800 3975 912 4026 omnino
929 3974 1103 4037 deputandus
1121 3978 1162 4023 est
1180 3988 1197 4023 a
1216 3970 1417 4034 Superioribus

325 4037 507 4086 confessarius
524 4051 556 4084 ex
574 4035 707 4098 religiosis
725 4049 775 4096 pro
796 4035 830 4084 rii
850 4034 963 4084 Ordinis
974 4033 1021 4095 qui
1034 4033 1156 4082 habituali
1166 4032 1269 4098 polleat
1280 4034 1418 4098 potestate

326 4096 353 4144 in
371 4097 556 4145 reservatas
586 4097 617 4144 C.
638 4095 695 4142 EE.
713 4096 780 4142 etR
811 4101 860 4142 .16
876 4107 937 4154 aug.
964 4100 1029 4140 1866.
1050 4093 1216 4146 Buceeronr,
1238 4087 1416 4144 Enctrrtdron,

325 4170 495 4279 p⁵³ll⁷t²av2gn
506 4209 625 4261 Praelati
638 4210 737 4258 locales
745 4213 884 4272 nequeunt
893 4213 1055 4269 potestatem
1063 4207 1129 4256 dare
1139 4206 1167 4256 in
1176 4219 1256 4255 casus
1265 4208 1416 4254 reservatos

326 4271 505 4380 PiOSiiiieacll.
522 4329 606 4378 Clem.
627 4341 675 4377 vnr
691 4326 727 4377 ad
738 4327 842 4376 calcem
857 4325 915 4386 ejus
926 4324 1027 4375 decreti
1039 4325 1073 4375 de
1089 4337 1203 4374 casuum
1221 4321 1414 4378 reservatione,

325 4395 353 4438 26
364 4392 442 4438 mart.
459 4393 525 4448 1593.
