3138 5014
143 473 241 554 [465]
447 540 465 548 ,Ι
546 495 582 528 uu
598 494 633 528 ss.
652 424 837 528 eucharis-riri
854 450 856 456 ¹
1072 455 1076 465 ’
1171 464 1230 525 ⁶„l'l'l

185 652 215 710 3.
232 631 380 694 Decreto
397 635 509 692 autem
528 627 794 713 Quemadmodum
811 627 908 706 plane
924 623 1056 687 sancita
1071 629 1123 685 est
1135 621 1232 713 disci-

141 713 232 796 plina
247 713 407 794 paulatim
421 713 557 774 inducta
569 713 578 739 ¹
590 714 623 774 vi
636 713 732 792 cujus
744 711 786 772 ad
793 707 1025 789 Coizsessmmim
1037 705 1233 767 oi‘diimrmm

141 799 197 859 vel
223 795 506 857 extraordinarium
533 793 681 856 excirisi'oe
709 794 855 874 pertinet
883 789 1023 872 singulis
1047 786 1231 850 concedere

143 880 415 941 communionem
439 877 648 958 frequencius
682 896 783 956 quam
807 875 872 938 fert
906 875 1023 954 regula
1053 873 1107 932 vel
1138 889 1230 934 usus,

142 961 194 1024 De
214 960 363 1041 generali
388 969 499 1022 tamen
523 961 656 1022 licentia
675 958 803 1020 debent
820 956 942 1019 subditi
968 955 1072 1017 semel
1095 971 1232 1044 monere

144 1043 359 1124 Superiorem
376 1045 400 1118 ²,
418 1045 472 1124 qui
498 1043 614 1124 possit,
634 1043 661 1104 si
691 1042 784 1117 velit,
806 1038 995 1102 contrarias
1023 1057 1101 1098 suas
1129 1043 1232 1096 ratio-

143 1145 202 1186 nes
219 1125 426 1188 confessario
443 1145 641 1209 proponere.
660 1125 755 1186 Haec
773 1130 809 1185 ut
826 1122 942 1204 paucis
958 1121 1188 1182 declaremus:

177 1231 206 1305 a)
226 1225 506 1288 Extraordina-riiis
525 1227 722 1286 confessarius
742 1229 858 1301 proprie
878 1227 927 1282 ille
948 1224 1061 1298 estqui
1081 1241 1117 1278 ex
1137 1219 1233 1278 officio

142 1321 186 1370 ter
199 1313 245 1370 vel
259 1322 364 1386 quater
374 1330 426 1385 per
438 1331 553 1391 annum
565 1314 602 1369 ad
614 1311 762 1368 llloniales
774 1309 939 1367 audiendas
949 1307 1089 1364 accedere
1100 1304 1231 1380 jubetur.

142 1396 266 1468 Verum,
282 1395 319 1452 ob
334 1396 408 1468 legis
436 1397 595 1463 rationem,
625 1409 767 1469 pu'amus
797 1395 875 1451 idem
902 1392 953 1469 jus
981 1408 1045 1448 esse
1075 1388 1234 1465 cujuslibet

143 1481 302 1537 sacerdotis
316 1483 367 1553 qui
383 1480 525 1537 lllonialis
539 1479 758 1537 confessionem
772 1479 875 1536 audire
891 1477 1088 1550 permittatur.

179 1563 208 1637 b)
227 1562 354 1620 Videtur
373 1564 474 1636 itaque
493 1563 692 1621 confessarius
715 1564 805 1620 etiam
824 1557 1086 1620 extraordinarius
1108 1555 1235 1629 singulis

145 1647 365 1720 paenitentibus
376 1644 512 1724 generali
530 1645 617 1706 modo
637 1647 807 1721 permittere
827 1664 913 1719 posse
933 1664 1002 1702 eum
1024 1660 1177 1700 accessum
1197 1641 1234 1697 ad

144 1729 439 1794 SCommunionem
453 1747 543 1802 quem
560 1731 739 1805 judicaverit
758 1730 895 1802 expedire
907 1737 928 1785 ³.
950 1729 1014 1785 Nec
1033 1728 1148 1799 cogitur
1166 1724 1235 1781 sub·

145 1815 223 1871 ditus
236 1823 342 1888 sponte
355 1831 410 1869 sua
424 1813 603 1871 confessario
622 1814 770 1871 ordinario
791 1813 981 1870 manifestare
1000 1813 1071 1886 quid
1085 1813 1123 1867 ab
1143 1812 1235 1867 altero

144 1895 232 1953 fuerit
253 1899 468 1970 praescriptum
481 1908 503 1955 ⁴.
526 1896 678 1972 Integrum
699 1909 801 1955 tamen
821 1911 865 1955 est
884 1898 1033 1954 ordinario
1054 1893 1235 1952 confessario

147 1981 327 2054 interrogare
347 1982 547 2054 paenitentem
567 1997 657 2057 atque
676 1981 833 2040 efficaciter
847 1983 968 2039 alterius
983 1981 1137 2037 licentiam
1151 1995 1235 2034 revo-

148 2083 225 2123 care.
247 2065 346 2142 Quare
360 2066 385 2121 si
404 2067 571 2124 ordinarius
589 2067 788 2124 confessarius
806 2069 842 2123 de
862 2068 908 2124 his
922 2066 960 2122 sit
974 2064 1127 2130 sollicitus,
1143 2062 1236 2118 satius

150 2149 205 2206 erit
219 2160 252 2206 ut
265 2150 515 2208 extraordinarius
528 2152 606 2210 hanc
619 2153 674 2224 ipsi
688 2153 873 2225 provinciam
889 2151 1047 2222 relinquat.

113 2239 119 2243 '
181 2235 207 2308 c)
231 2234 332 2304 Porro,
358 2229 389 2290 in
412 2235 577 2294 ordinanda
600 2237 656 2292 hac
678 2254 719 2304 re,
743 2234 939 2292 confessarius
963 2234 1036 2290 haee
1063 2229 1235 2304 praesertim

146 2319 338 2389 examinabit,
352 2337 411 2392 quo
424 2331 513 2390 recto,
529 2321 757 2393 supernaturali,
779 2320 911 2393 appetitu
930 2318 1085 2391 paenitens
1109 2315 1140 2371 in
1163 2314 1237 2370 divi-

146 2419 220 2458 num
243 2402 342 2458 cibum
359 2401 478 2472 feratur,
499 2421 558 2477 qua
578 2405 703 2473 ratione,
728 2404 758 2460 in
783 2416 904 2459 externa
924 2419 978 2459 sua
998 2397 1234 2465 conversatione,

146 2497 257 2543 ceteros
288 2485 424 2544 aedificet
448 2489 585 2559 sodales;
616 2498 655 2560 et,
686 2489 743 2546 nisi
769 2487 926 2562 peculiaris
953 2484 1048 2542 animi
1074 2481 1238 2554 indigentia

146 2571 355 2628 medicinalem
369 2571 399 2630 S.
421 2572 628 2630 Eucharistiae
642 2591 730 2631 usum
750 2573 858 2646 exigat,
874 2572 999 2628 adhaec
1023 2567 1136 2641 aptabit
1150 2583 1236 2622 suani

146 2656 337 2726 sententiam,
362 2658 495 2714 cavendo
515 2659 606 2716 simul
626 2675 664 2715 ne
681 2657 783 2726 foveat
802 2655 938 2731 spiritum
962 2650 1175 2728 singularitatis
1190 2651 1236 2708 vel

147 2741 298 2796 vanitatis.

182 2823 211 2897 d)
224 2823 373 2894 Superior,
389 2824 435 2880 vel
448 2823 658 2897 Superiorissa,
681 2827 727 2883 his
741 2845 802 2882 non
816 2825 988 2898 prohibetur
1000 2822 1118 2878 animos
1131 2820 1237 2877 addere

148 2906 265 2960 subdito
278 2907 460 2978 scrupuloso,
478 2919 519 2977 ut,
534 2911 630 2980 posita
645 2911 803 2980 anxietate,
823 2920 922 2966 utatur
932 2903 1073 2964 concessa
1086 2903 1236 2973 facultate,

149 2986 195 3042 vel
218 2987 313 3042 immo
336 2991 472 3044 assentiri
495 2992 613 3047 subdito
635 2993 697 3064 qui,
722 2993 759 3049 ob
783 3009 905 3048 causam
931 2989 1111 3064 peculiarem
1134 2995 1238 3059 satque

149 3078 315 3142 urgentem,
330 3088 358 3126 v.
382 3088 426 3142 gr.
450 3072 480 3126 in
504 3071 679 3144 suffragium
698 3092 842 3149 personae
868 3074 1058 3148 conjunctae,
1083 3071 1235 3126 herniam

149 3153 307 3210 accedendi
322 3154 359 3210 ad
372 3172 487 3211 sacram
502 3174 639 3213 mensam
655 3176 844 3231 praesumere
859 3158 940 3213 velit.

185 3237 260 3307 Nec,
275 3256 311 3294 eo
324 3239 403 3310 quod
418 3239 515 3312 ipsum
534 3258 688 3298 accessum
708 3243 864 3316 disponere
879 3251 1004 3310 vetatur,
1022 3239 1137 3296 videtur
1150 3236 1236 3293 nobis

150 3321 299 3394 prohiberi
327 3323 399 3395 quin
422 3323 510 3397 certis
532 3325 636 3381 diebus
658 3326 767 3383 indicet
795 3325 920 3382 subditis
944 3321 1238 3381 communicantibus

313 3455 493 3462 --—--——

180 3531 254 3596 1Cfr.
268 3531 341 3581 decr.
359 3533 512 3583 innocentii
531 3549 567 3592 xi,
585 3534 776 3591 comedimus,
796 3552 821 3584 12
837 3531 891 3582 feb.
914 3542 983 3590 1679;
1001 3533 1120 3596 respS.
1140 3532 1235 3590 Cong.,

152 3608 178 3647 14
188 3591 260 3649 april
273 3597 337 3648 1725,
350 3591 424 3649 apud
435 3593 565 3650 Montium,
577 3607 603 3649 x,
620 3611 642 3650 2,
655 3606 681 3651 p.
697 3601 752 3649 176;
772 3607 843 3652 resp.
857 3592 892 3640 ad
906 3591 988 3640 Arch.
1002 3589 1236 3652 Burdigalensem,

152 3666 178 3704 14
189 3661 251 3708 aug.
267 3657 330 3702 1888.
344 3650 475 3706 Mondou,
489 3665 514 3707 x,
529 3669 550 3708 1,
562 3666 589 3710 p.
604 3668 654 3708 171.

180 3708 190 3741 ²
201 3706 374 3772 Superiorem
384 3721 478 3773 sumas.
486 3724 534 3768 per
545 3724 574 3757 se
585 3709 708 3774 localem.
723 3709 749 3758 Si
762 3714 852 3756 tamen
863 3707 930 3768 quid
941 3705 1040 3764 obstet,
1053 3705 1162 3754 videtur
1172 3704 1238 3753 satis

151 3778 208 3812 esse
219 3778 241 3812 si
253 3765 372 3831 mediato
383 3766 522 3825 Superiori
534 3767 651 3816 facultas
663 3767 807 3814 indicetur.
1130 3821 1133 3829 ¹
1198 3821 1203 3829 ¹

179 3823 335 3886 lFacultas
352 3833 404 3870 ista
424 3838 441 3870 a
459 3825 625 3873 confessario
643 3825 727 3872 etiam
744 3832 819 3872 extra
837 3827 1039 3872 sacramentum
1055 3825 1239 3886 paenitentiae

151 3893 268 3928 exerceri
280 3887 377 3940 potest.
395 3883 583 3931 Coulessarius
598 3882 672 3931 enim
683 3882 705 3930 is
722 3882 881 3941 intelligitur
896 3881 942 3942 qui
960 3887 999 3928 est
1010 3881 1045 3928 ad
1056 3880 1240 3944 confesSiones

151 3937 325 3997 excipiendas
339 3938 522 3999 approbatus;
540 3956 590 3989 nec
601 3941 640 3989 rei
651 3949 749 3988 natura
760 3943 803 3987 vel
817 3941 923 3988 sanctio
939 3939 1057 3999 positiva
1068 3938 1239 3986 circumscri-

151 3995 221 4042 bunt
232 4011 310 4045 usum
323 3995 381 4044 foro
399 4000 599 4047 sacramentali.
614 3999 680 4055 Cfr.,
693 3999 821 4047 Monitoi‘e
839 4011 864 4053 x,
878 4016 900 4051 2.
913 4012 939 4057 p.
955 4004 1004 4053 176.
1016 3996 1240 4045 Extraordi'iiari'us

153 4061 243 4100 tamen
254 4055 436 4120 confessarius
451 4054 503 4104 hac
517 4065 650 4116 potestate
666 4071 721 4103 non
736 4056 836 4104 fruitur
851 4055 903 4104 nisi
920 4069 952 4104 eo
963 4054 1103 4103 moraliter
1119 4059 1240 4113 tempore

153 4124 208 4170 quo
221 4112 418 4160 confessionem
431 4113 505 4161 licite
516 4116 640 4174 excipere
651 4115 732 4162 valet.
1204 4168 1209 4177 .

181 4168 264 4215 lSunt
272 4177 370 4225 tamen,
381 4171 437 4230 qui,
447 4171 493 4219 ubi
506 4173 667 4221 dissentiant
678 4171 846 4228 confessarii,
857 4169 1007 4231 paenitenti
1017 4170 1055 4218 lin
1078 4174 1143 4218 uant
1153 4175 1240 4229 optio·

152 4239 223 4280 nem,
236 4239 298 4289 eum
309 4228 432 4286 aequalis
443 4245 475 4276 ex
486 4231 595 4278 decreto
606 4238 743 4288 competat
759 4230 973 4277 extraordinario
986 4235 1013 4276 et
1023 4185 1162 4277 ordinario
1178 4241 1241 4275 con-

153 4283 266 4352 fessario
286 4290 413 4342 potestas.
436 4289 479 4334 lta
496 4289 673 4344 Mullendorf,
696 4290 746 4335 Der
766 4289 925 4343 Bariduum,
948 4296 1011 4343 etc,
1039 4302 1065 4346 p.
1088 4305 1140 4345 442.
1161 4285 1242 4347 Quod

154 4344 279 4406 &8111th
292 4354 321 4396 11.
337 4359 376 4400 197
394 4354 467 4408 nota,
486 4361 539 4393 non
557 4345 742 4406 improbabile
758 4350 893 4401 autumat,
911 4346 992 4393 modo
1009 4352 1115 4393 constet
1126 4351 1241 4392 extraor-

153 4399 260 4462 dinarii
273 4399 433 4448 confessarii
447 4402 584 4460 judicium
604 4406 631 4454 in
650 4411 822 4464 praesentem
840 4403 1005 4463 paenitentis
1020 4408 1121 4451 statum
1134 4401 1242 4451 traduci

153 4469 241 4530 ppsse,
254 4470 271 4504 i.
286 4471 309 4505 e.
323 4456 397 4505 hunc
409 4461 541 4511 mansisse
552 4464 587 4512 de
598 4477 653 4525 quo
665 4463 688 4512 is
699 4463 862 4523 prudentem
872 4462 1011 4523 aperuerit
1021 4460 1193 4511 sententiam.

1308 619 1446 680 Disciplina

1287 677 1371 724 decreti

1287 735 1440 841 quemadmo-

1304 791 1447 853 umqtiodad

1287 851 1408 899 licentiam

1287 910 1417 956 communi·

1287 966 1368 1016 candi.

1318 1209 1435 1273 Quisnam

1288 1273 1320 1318 sit
1330 1268 1445 1332 confesso·
1480 1287 1482 1291 ’

1289 1331 1340 1376 rius
1356 1336 1434 1376 extra·

1290 1385 1449 1448 ordinarius?

1289 1548 1352 1611 Quid
1357 1551 1448 1610 possit?

1319 2218 1427 2267 Prudens

1291 2279 1354 2325 ratio
1392 2277 1447 2338 defi-

1289 2334 1449 2382 nt'endt'atces-

1290 2407 1341 2439 siim
1367 2392 1399 2439 od
1418 2393 1446 2441 S.

1290 2451 1417 2510 synaxim.

1321 2811 1385 2872 Quae
1391 2815 1449 2871 por·

1275 2909 1276 2914 ,
1292 2873 1323 2916 tes
1340 2869 1449 2930 linquon-

1293 2927 1450 2988 mrSuperlo·

1292 2986 1334 3033 ri?

1322 3271 1385 3333 Quid
1395 3271 1423 3330 de

1292 3333 1436 3380 communio·

1292 3394 1331 3438 iiis
1341 3393 1415 3439 intert-

1294 3449 1374 3499 riom?
