3134 5016
142 457 224 538 [536
228 455 325 538 4340]
527 479 564 514 on
579 476 687 514 ruerus
702 473 852 513 onnrmeus
1171 453 1232 529 337

186 611 278 674 Inter
291 612 383 694 ipsos
398 611 533 676 Tertios
551 611 704 691 Ordines,
722 611 815 695 prior
830 609 953 690 incedit
968 611 995 674 is
1011 610 1066 693 qui
1082 616 1233 694 tempore

146 695 237 776 prius
253 695 318 758 hoc
334 698 412 759 loco¹
426 702 477 758 est
492 695 679 780 institutus.
841 703 844 710 ’
1038 723 1041 726 ·

188 787 275 853 537.
293 784 461 852 Fratrum
478 790 671 867 cooptatio.
698 810 725 851 1.
743 791 909 851 Accessus
925 790 966 851 ad
982 789 1119 852 tertium
1136 787 1232 856 Ordi·
1316 793 1420 863 Quinam

144 889 220 932 nem
238 891 297 954 per
312 891 349 934 se
372 877 466 954 patet
489 870 691 951 quibuslibet
714 870 841 936 Christi
856 871 1021 955 fidelibus,
1039 870 1110 933 sive
1125 870 1230 948 laicis,
1286 857 1448 958 §22:52⁰an

143 953 214 1014 sive
230 953 372 1032 clericis,
391 955 490 1016 modo
506 955 573 1016 sint
588 955 771 1038 seculares.
789 955 952 1034 Namque,
970 972 1036 1034 quo
1052 952 1233 1032 perfectior

146 1039 235 1097 esset
260 1037 427 1116 regularis
450 1036 586 1098 Ordinis
608 1036 762 1106 imitatio,
788 1041 864 1118 post
886 1037 1023 1098 decreta
1050 1035 1086 1098 S.
1105 1034 1240 1116 Congr.'

143 1117 432 1198 Indulgentiarum
443 1123 479 1183 16
488 1119 549 1201 jul.
563 1125 682 1199 1887et
694 1140 730 1198 31
743 1119 816 1201 jau.
827 1125 915 1198 1893,
930 1118 1050 1181 ascisci
1063 1124 1234 1197 nequeunt

112 1256 113 1261 ,
143 1205 308 1280 quotquot
331 1206 457 1264 statum
481 1197 686 1282 religiosum,
711 1204 765 1263 vel
788 1202 821 1263 in
844 1201 1043 1263 dioecesano
1060 1201 1231 1284 Institut0,

143 1287 224 1360 sunt
235 1284 388 1364 amplexi.
399 1287 511 1364 Atque
519 1284 750 1365 cooptationes
765 1283 1009 1365 religiosorum,
1020 1289 1097 1344 ante
1110 1282 1231 1360 factae,

145 1362 333 1427 infirmatae
350 1373 440 1429 sunt.

142 1497 144 1500 -
186 1479 216 1521 2.
244 1459 437 1524 Posteriore
462 1461 598 1523 decreto
625 1461 792 1524 sancitum
819 1459 920 1523 etiam
947 1466 1010 1537 est,
1037 1466 1080 1521 ‘ne
1103 1459 1177 1539 quis
1199 1458 1232 1519 in
1308 1473 1451 1543 putaretis

146 1542 258 1621 plures
281 1543 379 1604 simul
394 1543 529 1606 Tertios
546 1544 689 1606 Ordines
713 1543 865 1626 cooptari
885 1545 1026 1605 valeret.
1044 1542 1140 1623 Opus.
1152 1560 1233 1620 ergo
1288 1547 1328 1592 Ψ*
1346 1533 1451 1635 Jamrffi‘ff

146 1623 245 1685 fuerit
268 1627 416 1706 priorem
440 1626 585 1706 abjicere
609 1626 863 1707 professionem,
887 1635 1068 1705 antequam
1094 1624 1134 1685 ad
1151 1626 1233 1685 alte·
1288 1595 1452 1695 iiir'ieiinm

146 1725 220 1770 rum
247 1707 370 1769 ascribi
391 1712 519 1770 valeas.
547 1709 714 1772 Formalis
742 1706 829 1772 enim
857 1708 1021 1770 transitus
1047 1705 1233 1788 generatim
1289 1704 1424 1754 ordinem?

136 1788 305 1852 nonlicet
321 1790 372 1871 (31
387 1789 459 1872 jan.
481 1797 569 1870 1893,
588 1792 629 1852 ad
646 1795 690 1869 8).

189 1902 220 1960 3.
246 1882 369 1944 *Valide
396 1884 429 1945 in
445 1883 599 1947 Tertium
624 1884 784 1948 Ordinem
813 1884 971 1964 allegitur
997 1883 1098 1945 etiam
1122 1881 1233 1963 quiin
1318 1898 1451 1956 Numanus

147 1967 274 2026 nullum
290 1963 388 2027 simul
404 1973 583 2050 cooptatur
599 1968 771 2030 delinitum
788 1967 1034 2030 Tertiariorum
1058 1964 1235 2044 collegium
1290 1956 1449 2060 ’ς’βθξὲἰζ)

147 2065 206 2107 seu
222 2047 418 2111 sodalicium
436 2049 458 2111 ¹.
484 2049 700 2112 Consuevere
718 2058 842 2126 tamen,
868 2050 896 2110 si
911 2049 994 2110 satis
1009 2049 1075 2108 sint
1092 2065 1235 2109 numero
1286 2027 1438 2118 iiiiiirum?

149 2127 181 2189 in
211 2149 278 2192 uno
308 2132 394 2207 loco,
431 2132 513 2212 erigi
545 2133 578 2194 in
609 2133 753 2212 quadam
782 2133 924 2193 ecclesia
954 2131 1235 2210 congregationes

148 2210 291 2274 fratrum
301 2215 354 2275 vel
366 2232 521 2276 sororum
533 2213 641 2277 Tertii
654 2214 797 2276 Ordinis.
812 2212 947 2274 Erectio
960 2213 1023 2274 ista
1037 2210 1109 2273 lieri
1122 2210 1236 2290 nequit

149 2293 212 2353 nisi
228 2305 397 2358 annuente
414 2296 593 2359 Ordinario
620 2299 682 2359 loci
698 2297 751 2358 cui
763 2297 819 2378 jus
836 2304 1013 2376 praeterea
1028 2299 1080 2354 est
1096 2312 1235 2373 congre·

149 2378 302 2454 gationes
316 2379 514 2454 istas-ctiam
532 2381 564 2440 in
581 2379 798 2459 Regularium
819 2377 967 2439 ecclesiis
983 2375 1153 2452 visitandi,
1169 2393 1235 2455 non

150 2468 263 2520 tamen
283 2461 370 2539 quod
387 2463 510 2524 attinet
525 2462 567 2524 ad
584 2461 779 2524 interiorem
796 2460 1003 2542 disciplinam
1019 2459 1044 2521 ².

146 2577 149 2584 ¹
194 2554 458 2635 oaenegulae,
473 2558 615 2620 nonsub
628 2563 768 2639 peccato
780 2557 838 2618 sed
850 2561 1010 2634 tanquam
1024 2551 1237 2615 condiciones
1297 2563 1450 2624 Visregnln.
1500 2573 1503 2580 ·

151 2635 194 2720 ad
209 2641 460 2719 consequendas
478 2641 701 2722 indulgentias
724 2648 757 2700 et
773 2639 914 2719 gratias,
931 2646 1065 2718 praeter
1082 2633 1237 2696 christia·
1322 2674 1443 2736 Qrinaenam

147 2738 228 2781 nam
256 2723 561 2800 conversationem,
587 2722 818 2804 praescribere
843 2722 952 2782 solent
974 2726 1022 2794 ut,
1041 2715 1237 2794 saltem·sub
1289 2733 1452 2796 pinesnaan·

147 2801 313 2879 vestibus,
343 2806 513 2866 deferatur
538 2806 659 2885 aliquis
686 2804 822 2866 habitus
845 2801 1013 2884 proprius,
1032 2808 1065 2861 et
1091 2798 1239 2880 quotidie
1293 2791 1352 2838 ar?

150 2901 268 2962 preces
296 2885 460 2962 quaedam
486 2889 621 2948 vocales
648 2887 856 2948 recitentur:
882 2887 944 2947 has
960 2883 1092 2966 supplet
1109 2880 1239 2943 brevia·

153 2981 239 3023 rrum
247 2965 293 3025 ris
309 2968 364 3044 qui
381 2967 550 3028 canonicis
565 2977 724 3029 tenentur
740 2969 845 3031 horis,
911 2993 914 2996 ·

197 3061 284 3126 539.
302 3065 445 3126 Gratiae
462 3065 532 3126 lere
548 3075 627 3128 sunt
641 3064 863 3150 indulgentiae,
887 3067 930 3128 ad
946 3084 1029 3145 quas
1046 3063 1240 3126 referendae
1325 3097 1434 3144 Gratiae.

151 3143 232 3205 ¹sunt
243 3142 445 3218 absolutiones
454 3147 620 3228 generales,
635 3149 817 3231 peculiaria
832 3145 983 3230 snffiagia
996 3153 1071 3228 post
1084 3152 1237 3208 mortem.

148 3233 342 3307 praeterea,
367 3231 612 3308 sacerdotibus
638 3251 718 3292 usus
743 3231 876 3312 quidam
901 3231 1017 3292 altaris
1041 3225 1241 3310 privilegiati

150 3317 188 3386 ,et
204 3312 402 3391 quandoque
419 3312 562 3374 facultas
586 3315 752 3376 recitandi
775 3313 979 3375 breviarium
993 3310 1129 3372 Ordinis'
1143 3329 1241 3389 regu·

156 3393 248 3454 laris.
273 3395 336 3456 Per
357 3413 387 3454 se
399 3393 538 3457 Tertius
554 3395 673 3476 aliquis
690 3395 782 3458 Ordo
798 3415 863 3457 non
887 3395 1011 3456 fruitur
1027 3391 1241 3473 indulgentiis

152 3473 252 3557 'primi
268 3475 403 3538 Ordinis
419 3479 472 3540 vel
488 3479 627 3541 alterius
645 3479 735 3540 tertii
751 3478 898 3540 Ordinis
984 3481 986 3486 “

200 3570 286 3646 540.
304 3574 357 3632 De
374 3574 607 3652 Absolutione
631 3576 801 3652 generali.
822 3565 961 3636 1.'Haec
984 3579 1035 3633 est
1052 3568 1242 3652 deprecativa
1320 3589 1453 3658 fll⁸⁰²ulft

152 3671 341 3734 poenarum
365 3657 494 3736 peccati
516 3656 684 3718 absolutio
709 3675 768 3737 per
784 3656 918 3718 modum
946 3674 1012 3717 non
1029 3651 1242 3716 Sacramenti
1297 3646 1456 3752 nqgenerans

156 3736 215 3794 sed
232 3733 507 3814 sacramentalis,
528 3757 587 3800 seu
603 3737 800 3800 Benedictio
825 3735 877 3799 cui
894 3736 930 3800 S.
949 3729 1052 3798 Sedes
1070 3733 1243 3816 conjungit
1296 3720 1328 3754 Μ
1340 3719 1383 3752 ana

158 3816 258 3878 etiam
275 3817 474 3881 beneficium
492 3820 718 3900 indulgentiae
734 3819 929 3901 pleniariae.

199 3932 229 3974 2.
261 3911 361 3975 Slalis
387 3913 492 3976 diebus
518 3914 722 3997 impertitur,
746 3912 867 3995 publice
892 3913 1023 3993 quidem
1051 3933 1070 3973 a
1097 3913 1243 3974 Rectore
1327 3927 1438 3975 canno.

161 3992 441 4076 Congrcgationis
463 3999 516 4059 vel
540 3997 748 4059 confessario
771 3997 942 4077 delegat03
960 3995 1110 4076 privatim
1125 4015 1145 4055 a
1162 4013 1243 4074 quo-

158 4074 238 4136 libet
264 4079 482 4157 confessari0,
507 4082 627 4142 saltem
649 4088 724 4162 post
749 4077 993 4145 absolutionem
1015 4085 1243 4139 sacramenta·

192 4368 199 4402 ¹
212 4367 239 4415 S.
253 4368 336 4429 Cong.
350 4359 449 4428 Indu'lg
473 4386 498 4426 14
507 4368 556 4427 jul.
573 4377 625 4427 1891
639 4369 671 4416 A.
684 4370 711 4416 S.
725 4368 752 4414 S.
767 4377 840 4421 xxiv,
854 4366 1012 4423 ⁴147ve1558.

152 4434 157 4441 ’
190 4433 238 4487 2'8.
251 4439 336 4500 Cong.
350 4437 460 4500 Indulg.
474 4447 498 4487 31
510 4441 566 4499 jan.
582 4449 646 4499 1893,
659 4443 702 4488 ad.
717 4452 738 4489 a.
753 4438 825 4486 A.'S.
838 4438 865 4484 S.
879 4441 941 4490 xxvj
952 4443 1002 4485 506.
