3148 5004
168 473 350 556 [195-200]
450 491 487 526 na
502 491 636 534 Juaiuicrs
651 487 827 527 novitiorum
843 485 1016 530 tuitionibusv
1197 463 1256 538 419

170 633 253 710 lato,
282 635 441 702 tenentur
472 626 602 706 novitii,
637 645 704 706 nec
726 628 851 710 directe
874 649 894 691 a
920 629 1078 692 Praelato
1102 626 1259 713 infirmari

170 722 329 798 possunt,
352 712 410 775 sed
434 709 594 773 indirecte
610 716 752 787 tantum,
770 721 937 791 quatenus
953 711 1148 795 disciplinae
1163 719 1257 779 novi-

169 798 276 860 tiatus
302 795 370 857 sint
391 793 557 876 opposita.
575 827 614 838 -
629 791 814 874 Juridt'com
826 802 940 856 tamen
958 796 1161 860 novitiorum
1179 819 1258 861 con·

170 880 338 943 dicionem
357 897 398 939 ne
414 895 455 942 ea
470 875 603 956 quidem
619 881 699 937 vota
714 883 848 938 mutant
862 895 947 955 quae
974 876 1141 940 devotionis
1166 898 1261 945 causa

170 961 311 1034 fecerint
332 968 369 1022 ut
385 978 420 1021 se
440 959 510 1039 jam
533 958 783 1039 obstringerent
801 958 964 1038 Religioni
982 960 1014 1022 in
1032 980 1097 1040 qua
1113 963 1258 1043 proban·

172 1050 241 1109 tur.
270 1042 341 1108 err.
372 1043 413 1104 de
438 1040 629 1122 hujusmodi
656 1040 744 1108 votis
771 1041 925 1103 Sanchez
948 1041 981 1103 in
1006 1042 1156 1126 Deculog.
1180 1048 1202 1108 l.
1227 1052 1256 1123 6,

172 1147 203 1191 c.
223 1149 271 1205 ιο,
293 1145 326 1187 ii.
345 1131 364 1188 8
379 1143 452 1205 sqq.
476 1126 539 1187 Par
552 1143 583 1185 se
594 1122 776 1200 judicanda
791 1132 870 1186 sunt
885 1123 1031 1187 obnoxia
1048 1127 1234 1190 condicioni
1249 1151 1255 1190 ε

171 1209 236 1272 nisi
253 1206 399 1290 legitime
415 1205 477 1268 sim
494 1206 658 1268 dimissus.

216 1293 303 1356 199.
323 1313 351 1356 1.
369 1288 510 1352 Caritate
525 1307 599 1371 erga
619 1287 784 1351 Nevittam
803 1294 836 1349 et
852 1288 997 1368 quadam
1012 1290 1257 1371 aequitate-non

133 1419 136 1432 .
171 1375 399 1454 minusquam
409 1371 536 1453 proprio
559 1373 647 1452 quod
663 1389 704 1433 ex
719 1390 857 1432 munere
873 1371 1063 1462 habeterga
1078 1374 1258 1439 Institulum
1299 1437 1301 1444 .

168 1454 280 1536 officia,
306 1455 505 1538 prohibetur
527 1453 704 1538 Praelatus
732 1473 773 1514 ire
798 1453 863 1515 sine
883 1454 973 1535 justa
997 1475 1088 1518 causa
1115 1461 1258 1540 expellat

159 1539 357 1602 Novitium.
381 1539 437 1600 De
455 1537 529 1599 aliis
551 1555 694 1616 quorum
717 1542 768 1598 est
789 1536 845 1617 jus
868 1536 1019 1616 suffragii
1046 1539 1184 1621 perinde
1207 1548 1259 1604 est

171 1621 360 1697 dicendum,
378 1618 441 1681 nisi
457 1618 547 1699 quod
571 1617 668 1681 facile
690 1617 727 1680 fit
743 1629 781 1680 ut
804 1619 913 1681 minus
933 1623 1049 1684 stricte
1066 1621 1257 1703 obligentur

171 1704 336 1765 adversus
362 1701 572 1778 Institutum‚
600 1699 687 1764 sicut
710 1699 905 1764 dicebamus
920 1722 1024 1786 supra
1047 1705 1088 1766 de
1113 1704 1185 1787 ipsa
1200 1707 1258 1769 ad·

173 1805 343 1848 missione.

214 1890 245 1932 2.
261 1869 297 1932 N
297 1864 398 1929 iillum
412 1870 524 1928 tamen
540 1864 651 1928 novitii
663 1863 799 1928 violatur
806 1863 863 1946 jus
877 1867 1028 1931 strictum.

206 1972 283 2035 Sunt
296 1955 372 2029 inter
384 1970 562 2029 recentiores
580 1971 631 2044 qui
644 1970 815 2028 existiment
834 1971 984 2044 repulsam
1001 1973 1089 2030 istam
1103 1991 1167 2032 esse
1180 1975 1258 2052 inju-

173 2057 293 2128 riosam,
318 2066 420 2130 utpote
441 2055 647 2112 adversantem
671 2054 778 2112 tacitae
810 2055 940 2128 pactioni
962 2073 1021 2128 qua
1049 2057 1180 2114 novitius
1206 2059 1258 2134 jus

169 2141 292 2199 haberet
312 2141 350 2197 ad
373 2138 586 2214 professionem
610 2139 667 2196 nisi
687 2139 758 2213 qnid
782 2140 922 2198 obstaret.
944 2138 1057 2198 Verum
1082 2142 1179 2214 pactio
1201 2143 1257 2198 ista
1300 2182 1306 2192 .

165 2226 283 2283 videtur
296 2241 361 2281 esse
373 2223 483 2280 mentis
497 2221 687 2296 figmentum,
702 2224 873 2296 praesertim
885 2241 954 2280 cum
967 2224 1064 2298 magis
1073 2226 1111 2282 sit
1125 2243 1256 2298 aequum

168 2321 201 2365 ut
213 2307 294 2366 Ordo
307 2305 336 2364 et
355 2305 495 2374 Novitius
507 2307 570 2380 pari
589 2307 649 2363 sint
663 2305 731 2382 jure
745 2316 765 2365 1.
780 2305 900 2364 Summi
914 2307 1042 2380 denique
1055 2307 1198 2366 Doctores
1210 2309 1256 2368 vel

168 2388 223 2451 suo
236 2391 354 2448 silentio
369 2391 447 2448 hanc
466 2400 578 2464 negant
589 2390 813 2464 obligationem,
827 2401 859 2448 ut
871 2387 1136 2466 Schmalzgrueber
1148 2394 1179 2450 in
1192 2394 1212 2452 1.
1226 2410 1254 2468 3,

171 2485 193 2533 t.
206 2491 250 2549 31,
263 2473 309 2531 vel
321 2473 426 2530 diserte
436 2473 519 2530 illam
534 2471 645 2530 infitias
655 2483 738 2530 eunt.
751 2469 796 2530 Ita
805 2490 835 2530 v.
850 2490 893 2546 gr.
907 2469 1255 2553 Suarez,DeReligt'one,

169 2565 206 2614 tr.
227 2572 254 2632 7,
271 2556 292 2614 l.
306 2570 334 2631 5,
349 2574 377 2614 c.
394 2573 437 2628 11,
451 2575 483 2614 n.
497 2572 514 2631 5
520 2573 528 2627 ;
549 2555 695 2626 Sanchez,
709 2552 743 2614 in
756 2552 954 2634 Decologum,
968 2556 988 2614 1.
1003 2570 1030 2632 5,
1045 2576 1071 2615 c.
1084 2576 1112 2634 4,
1127 2577 1159 2616 n.
1173 2576 1211 2635 40
1228 2569 1258 2616 et

166 2658 202 2718 59
214 2657 224 2712 ;
238 2640 422 2711 Pellizarius,
436 2635 590 2709 Manuale,
607 2651 642 2698 tr.
657 2656 684 2710 2,
698 2658 726 2697 c.
739 2639 767 2711 6,
782 2657 813 2698 n.
827 2639 875 2697 60.

160 2719 163 2743 ³
203 2723 262 2804 Qui
277 2738 381 2782 tamen
400 2725 465 2781 sine
486 2741 577 2781 causa
598 2724 764 2798 expellatur
782 2741 870 2798 agere
887 2724 979 2797 possit
991 2724 1071 2797 apud
1086 2723 1256 2782 Praelatum

167 2807 356 2882 Superiorem
369 2809 432 2865 sive
446 2806 566 2866 Ordinis
578 2809 640 2865 sive
655 2806 759 2865 Ordini
773 2823 961 2864 extraneum.
982 2804 1021 2879 Is,
1045 2808 1070 2864 si
1089 2807 1205 2882 Religio
1220 2809 1258 2867 sit

169 2903 316 2967 exempta,
330 2893 386 2950 erit
399 2909 480 2949 unus
491 2892 638 2951 Summus
653 2890 801 2950 Pontifex.

1332 1315 1369 1363 Dc
1386 1317 1475 1364 novitii

1314 1373 1462 1422 dimissione.

1331 1898 1474 1968 *Elsilacla

1312 1971 1363 2007 stne
1390 1971 1473 2008 rausa

1312 2029 1360 2063 nou
1369 2020 1402 2062 est
1412 2015 1472 2074 inju-

1314 2076 1381 2121 riosa
1406 2076 1471 2121 novi·

1312 2133 1354 2180 tio.

172 3087 250 3180 §‚3.
276 3077 344 3156 De
368 3074 643 3186 Professione
659 3075 831 3156 Novilii‘
847 3075 889 3156 iu
908 3075 1089 3158 articulo
1106 3077 1257 3158 raorlis
1329 3181 1333 3193 1

212 3295 303 3360 200.
327 3295 380 3356 Ex
395 3292 698 3356 communicatione
714 3289 879 3374 privilegii
895 3309 915 3351 a
931 3289 965 3352 S.
983 3289 1044 3351 Pio
1059 3307 1081 3350 v
1093 3291 1256 3353 concessi

169 3377 371 3440 Monialibus
384 3377 419 3440 S.
429 3375 609 3451 Dominici,
623 3381 734 3458 potest
746 3373 904 3450 novitius,
919 3371 951 3432 in
964 3374 1108 3434 articulo
1125 3374 1254 3451 mortiS,

162 3453 324 3522 'emittere
351 3458 594 3542 professionem
624 3459 726 3520 etiam
755 3462 833 3518 ante
863 3460 1018 3517 exactum
1047 3453 1255 3535 probationis

170 3561 296 3605 annum
311 3562 319 3619 ;
336 3542 395 3604 sed
408 3542 435 3603 si
452 3540 673 3617 convaluerit,
697 3539 750 3600 his
772 3539 872 3617 votis,
890 3537 922 3599 in
936 3535 1009 3599 loro
1022 3547 1173 3614 externo,
1187 3556 1255 3600 non

170 3630 324 3702 tenetur;
338 3633 441 3705 atque
453 3624 552 3686 debet
565 3623 685 3686 iterum
698 3620 862 3703 profiteri.
872 3621 984 3704 Quare
997 3626 1091 3682 certa
1103 3619 1154 3681 vis
1170 3617 1256 3682 illius

1316 3310 1474 3370 Privilegium

1315 3370 1343 3416 S.
1355 3369 1400 3416 Pa·
1409 3381 1434 3417 v.

169 3700 387 3790 professionis
404 3706 474 3768 fere
490 3707 555 3768 huc
573 3711 705 3788 spectat
719 3711 757 3765 ut
772 3705 963 3784 assequaris
984 3701 1207 3782 indulgentias
1222 3712 1257 3764 et
1314 3721 1316 3726 ·

172 3789 301 3870 gratias
327 3789 521 3871 spirituales
552 3787 799 3852 Professorum.
824 3785 895 3850 Cl'r.
922 3785 973 3846 De
1004 3784 1141 3866 Angelis
1167 3786 1203 3849 li.
1229 3795 1255 3848 t.

173 3872 549 3965 P·97;Pi,at.1.i>·96›
568 3891 619 3953 97·
799 3951 804 3964 ,
976 3948 982 3959 ,

211 3956 310 4017 Patet
338 3953 419 4016 illud
448 3955 489 4016 ad
513 3973 553 4016 ea
569 3960 701 4017 tantum
723 3955 882 4017 Instituta
897 3956 1068 4033 pertinere
1090 3968 1175 4030 quae
1191 3949 1256 4012 hac

162 4037 422 4128 'privilegiorum
451 4037 757 4100 communicatione
782 4034 954 4099 fruuntur.
984 4031 1054 4096 Cfr.
1082 4031 1180 4111 infra,
1207 4033 1257 4096 De

163 4116 352 4202 pravilegia,
370 4138 403 4201 p.
421 4138 451 4199 5,
466 4139 496 4182 c.
516 4142 543 4198 1,
561 4126 626 4183 art.
644 4141 674 4198 a,
692 4119 708 4202 ξ
727 4141 754 4182 1.

196 4334 274 4388 lJure
284 4334 312 4384 iri
336 4349 483 4389 namnam
499 4350 531 4385 ex
547 4335 661 4398 caritate
677 4333 763 4397 inagis
778 4340 884 4384 tenetur
896 4334 980 4384 Ordo.
992 4335 1056 4384 Non
1071 4339 1205 4397 repugnat
1226 4342 1257 4386 ut

164 4393 319 4500 ffifitatiso
341 4395 436 4457 ligatio
447 4408 502 4444 non
515 4394 552 4444 sit
561 4400 665 4443 mutua.
676 4394 733 4444 Cfr.
747 4395 859 4453 Suarez,
868 4394 906 4442 De
914 4393 1026 4454 religione
1047 4399 1081 4443 tr.
1090 4408 1114 4452 7,
1126 4393 1143 4442 l.
1153 4399 1175 4452 5,
1185 4407 1254 4454 c.1r‚
