3148 5004
329 449 369 512 51
694 474 761 509 rans
776 473 911 510 secunus.
929 475 1020 510 cneus
1035 475 1055 510 ιι

271 634 273 638 -
328 603 377 661 vel
390 623 442 678 per
453 606 573 680 aliquod
584 608 713 681 spatium
727 609 953 681 obstringuntur
967 609 1043 666 votis
1053 609 1241 682 simplicibus
1253 617 1418 682 antequam

144 1345 260 1408 Definitio

114 1475 161 1509 ms.

328 689 467 747 sollemni
488 700 646 749 teneantur
664 710 763 750 nexu:
786 710 863 766 quae
884 693 941 762 lex,
964 703 1030 766 post
1049 694 1201 751 decretum
1222 693 1253 752 S.
1275 693 1311 752 C.
1332 710 1422 766 super

328 771 413 831 Statu
427 773 620 848 Regularium
635 772 806 846 Neminem,
826 777 860 833 18
873 787 960 834 mart.
978 778 1058 852 1857,
1075 778 1203 835 invaluit
1216 778 1297 852 apud
1312 793 1420 835 omnes

330 854 459 915 Ordines
472 859 615 918 virorum.

363 941 433 1017 Jam
447 944 493 1000 vis
510 961 546 1000 ac
558 945 633 1002 ratio
651 944 735 1002 istius
754 945 952 1002 distinctionis
967 946 1083 1004 videtur
1101 947 1192 1020 paulo
1212 947 1308 1021 magis
1328 965 1418 1020 expo·

329 1027 439 1084 nenda.
1117 1062 1119 1068 ·

453 1176 496 1239 II.
520 1179 572 1239 De
595 1180 691 1240 votis
714 1180 947 1242 sollemnibus
970 1191 1006 1242 et
1030 1181 1258 1260 simplicibus
1282 1180 1292 1208 ²

373 1323 435 1388 84.
456 1345 483 1386 1.
501 1321 627 1385 Votum
650 1322 792 1384 sollemne
817 1331 869 1385 est
897 1330 1015 1387 votum
1037 1323 1125 1405 plene
1148 1324 1354 1387 authenticum
1385 1325 1419 1386 in

115 1407 165 1471 ''tl''
184 1403 274 1452 sollem-
323 1403 411 1486 facie
432 1402 599 1467 Ecclesiae.
616 1406 729 1488 Quare
745 1407 776 1468 in
794 1407 929 1487 speciali
944 1416 996 1468 est
1007 1407 1180 1469 Ecclesiae
1193 1410 1297 1469 tutela
1313 1409 1354 1468 ab
1368 1407 1417 1488 ip·

331 1506 435 1567 saque
458 1487 682 1569 peculiaribus
698 1490 844 1551 donatur
866 1487 1054 1568 effectibus,
1074 1488 1272 1552 nominatim
1288 1488 1415 1571 majore

333 1570 491 1632 firmitate
513 1569 693 1649 extrinseca,
722 1575 770 1633 ita
795 1579 833 1634 ut
859 1571 965 1652 magis
989 1579 1153 1653 repugnet
1179 1571 1331 1635 Ecclesia
1359 1570 1413 1632 isti

276 1707 277 1712 ,
331 1651 466 1714 vinculo
482 1652 708 1717 dissolvendo.

146 1767 211 1827 Quae
220 1771 276 1814 vota

115 1826 165 1894 sint
184 1823 275 1872 sollem-

114 1897 167 1939 itta,

69 2129 70 2134 ,
146 2087 277 2156 Quaesim-

113 2144 199 2205 plicia.

119 2503 181 2550 Vota
195 2507 276 2554 stricte

114 2562 243 2621 simplicia.

138 2744 267 2804 semiplene

113 2801 259 2853 authentica.

143 2965 215 3014 Plena
231 2985 276 3018 au·

129 3025 230 3075 lentico.

145 3096 249 3146 Collatia

124 3155 171 3200 icti
186 3157 275 3204 sollem-

122 3214 161 3258 nis
173 3219 198 3268 ,ei
211 3218 274 3263 sim-

121 3269 195 3330 plicis.

372 1757 403 1798 2.
420 1735 487 1798 Diu
503 1735 565 1797 fuit
576 1735 718 1800 sollemne
734 1756 835 1800 omne
851 1745 968 1799 votum
981 1736 1034 1798 cui
1047 1737 1231 1800 accedebat
1247 1737 1417 1818 susceptio

331 1818 457 1881 ordinis
480 1818 569 1881 sacri
593 1820 644 1885 vel
667 1828 776 1882 status
793 1819 939 1900 religiosi
962 1820 1151 1901 approbati.
1176 1818 1246 1881 Cir.
1265 1839 1295 1882 c.
1319 1821 1418 1882 Pres-

330 1901 471 1982 byteris,
489 1906 519 1979 8,
538 1902 580 1964 D.
595 1922 633 1982 27
647 1902 796 1982 (Dictum
814 1901 981 1980 Gratiani)
997 1911 1032 1964 et
1048 1922 1078 1965 c.
1096 1923 1153 1965 un.
1167 1903 1216 1963 De
1231 1907 1298 1963 voto
1314 1907 1342 1963 et
1356 1901 1419 1964 voti

329 1982 580 2065 redemptionem
598 1991 616 2047 6
632 1992 695 2064 (111,
716 1987 778 2064 15).

371 2065 510 2160 Simplex
546 2075 626 2130 tunc
664 2068 839 2148 dicebatur
874 2073 992 2130 votum
1028 2068 1080 2129 cui
1116 2066 1232 2128 deerat
1269 2074 1413 2149 utraque

330 2169 493 2214 accessio.
1268 2209 1270 2216 ,

372 2233 551 2315 DeincepS,
582 2232 665 2296 nihil
703 2239 833 2296 mutata
866 2232 1041 2314 disciplina
1075 2232 1114 2292 de
1147 2230 1271 2294 Ordine
1305 2253 1416 2311 sacro,

330 2316 539 2378 sollemnitas
562 2317 633 2378 voti
648 2316 830 2396 conjuncta
855 2315 914 2378 luit
931 2316 987 2377 uni
1006 2314 1204 2396 professioni
1226 2314 1415 2396 religiosae,

330 2399 531 2480 pressetali,
551 2417 636 2479 quae
652 2399 687 2460 iit
705 2398 737 2461 in
751 2397 875 2460 Ordine
891 2399 1061 2478 religioso.

371 2480 466 2562 Opus
495 2481 608 2560 itaque
634 2490 686 2542 est
712 2481 940 2561 distinguere:
958 2483 991 2559 a)
1021 2481 1110 2541 Vota
1138 2479 1301 2562 simplicia
1330 2497 1416 2559 quae

323 2563 450 2645 private
479 2564 669 2625 eontinentur
691 2562 903 2644 promissione,
928 2563 975 2626 ita
1002 2569 1038 2640 ut
1063 2563 1262 2641 ignorentur
1285 2561 1318 2625 in
1341 2564 1419 2644 foro

330 2653 492 2708 externo:
510 2647 700 2727 hujusmodi
716 2653 796 2707 sunt
809 2654 889 2707 vota
901 2666 960 2727 per
977 2666 1013 2707 se
1029 2655 1174 2707 secreta.

330 2753 331 2756 ¹
372 2728 405 2806 b)
422 2728 511 2790 Vota
537 2729 699 2810 simplicia
723 2731 762 2790 de
778 2730 898 2807 quibus
920 2736 1054 2790 constat
1077 2729 1109 2790 iu
1134 2728 1208 2790 foro
1225 2734 1365 2790 externo
1381 2731 1430 2788 et·

330 2829 416 2890 quae
431 2809 589 2920 seqniplene
611 2818 690 2873 sunt
711 2812 909 2874 authentica:
934 2813 981 2874 ita
998 2818 1078 2872 vota
1102 2810 1267 2894 simplicia
1282 2810 1415 2892 religio-

330 2912 445 2954 sorum
478 2938 486 2955 .

370 2978 401 3052 c)
417 2976 507 3038 Vota
514 2973 602 3056 plene
615 2975 802 3053 arithmetice,
821 2997 907 3058 quae
919 2977 1078 3039 dicuntur
1092 2974 1264 3039 sollemnia.

330 3088 332 3095 ·
371 3080 402 3138 3.
416 3059 468 3120 Ex
485 3058 537 3120 his
552 3058 696 3121 efficitur
711 3080 718 3122 :
733 3064 765 3139 a)
783 3061 828 3124 Ut
840 3071 920 3123 vota
937 3059 1112 3122 sollemnia
1128 3065 1161 3121 et
1178 3059 1311 3140 privata
1327 3057 1415 3120 inter

330 3161 365 3203 se
382 3140 537 3204 differant
552 3161 620 3203 non
636 3148 705 3205 tam
730 3143 914 3206 intrinseca
936 3142 1068 3204 ratione
1091 3162 1191 3222 quam
1215 3140 1416 3204 accidentali

330 3232 364 3288 et
376 3225 566 3287 extrinseca
578 3227 771 3289 accessione
788 3225 1003 3288 auctoritatis
1015 3245 1022 3300 ;

371 3309 403 3386 b)
428 3309 474 3372 Ut
499 3308 543 3369 ad
567 3309 755 3372 Ecclesiam
781 3310 947 3390 pertineat
975 3306 1122 3382 definire,
1149 3314 1221 3370 tum
1250 3325 1415 3388 quaenam

329 3401 410 3452 vota
426 3392 493 3453 sint
509 3392 696 3469 sollemnia,
713 3400 784 3454 tum
801 3393 938 3472 quinam
961 3390 1027 3451 sint
1052 3390 1156 3470 ipsius
1179 3389 1415 3452 sollemnitatis

328 3474 479 3549 effectus,
508 3483 645 3535 servata
671 3475 761 3536 omni
788 3474 949 3536 facultate
976 3473 1151 3535 auferendi
1173 3475 1228 3534 vel
1250 3473 1416 3534 intermit-

328 3557 418 3624 tendi
435 3559 517 3618 istos
530 3555 680 3634 effectus,
693 3565 753 3618 aut
768 3576 826 3618 eos
842 3555 1022 3634 tribuendi,
1037 3575 1078 3618 ex
1094 3563 1165 3618 toto
1178 3557 1232 3618 vei
1249 3575 1290 3617 ex
1305 3561 1413 3637 parte,

328 3638 417 3700 votis
432 3658 522 3700 mere
539 3639 745 3718 simplicibus
761 3660 768 3716 3

370 3724 401 3798 c)
419 3721 464 3784 Ut
480 3720 543 3781 nisi
559 3719 738 3802 disparitas
754 3725 805 3783 vis
822 3720 1011 3798 exterioris,
1029 3741 1096 3800 qua
1111 3719 1250 3801 gravius
1266 3718 1309 3781 sit
1330 3737 1415 3781 onus

327 3804 399 3866 voti
415 3801 598 3880 sollemnis,
623 3806 763 3866 suadeat
779 3804 956 3885 aequabile
974 3815 1290 3886 temperamentum,
1309 3803 1416 3884 possit

326 3883 492 3961 Ecclesia,
511 3903 578 3946 non
595 3885 717 3948 iterata
739 3895 897 3949 votorum
923 3889 1187 3968 nuncupatione,
1205 3894 1414 3948 commutare

326 3973 408 4029 vota
423 3967 586 4049 simplicia
602 3966 635 4030 in
651 3969 836 4049 sollemnia,
854 3977 888 4032 et
904 3975 1023 4031 contra
1040 3969 1068 4047 3;

357 4165 364 4199 ¹
378 4165 419 4212 De
429 4162 620 4211 sollemnitatis
631 4163 747 4219 ratione,
760 4163 808 4211 cir.
823 4163 1050 4223 supplementum
1062 4177 1091 4212 ιι.

354 4224 365 4258 2
383 4223 445 4270 Non
465 4228 528 4269 sunt
545 4223 637 4280 private
654 4221 799 4280 simplicia,
819 4222 858 4269 ait
875 4222 946 4268 Cone.
967 4222 1025 4270 Am.
1042 4222 1086 4270 lat.
1108 4235 1135 4269 n.
1150 4229 1200 4272 323.
1215 4220 1365 4270 Promissio
1376 4228 1416 4270 est

325 4280 361 4329 ali
385 4294 419 4327 uo
431 4279 511 4327 modo
522 4279 670 4334 sollemnis.
683 4279 804 4338 publica.
817 4279 873 4328 Cir.
887 4280 1018 4334 Bizzarri.
1032 4295 1057 4339 p.
1072 4288 1123 4330 502.

353 4340 365 4374 ³
390 4344 418 4385 ta
428 4337 524 4385 iecisse
535 4334 694 4395 perhibetur
706 4339 733 4387 S.
745 4338 828 4386 Sedes
846 4338 911 4385 dum
923 4338 958 4384 ad
975 4337 1147 4396 Religionem
1159 4336 1288 4398 produxit
1299 4338 1416 4394 Congre-

325 4395 462 4501 {ationem
473 4395 501 4443 S.
514 4394 658 4459 Hippolyti
668 4396 712 4460 ιθ.
722 4395 763 4442 Ex
772 4394 857 4451 debito,
871 4412 899 4444 20
915 4395 980 4442 maii
994 4406 1068 4455 1700),
1079 4395 1414 4460 CongregationemIPres-

346 4459 485 4512 yterorum
506 4452 604 4500 Matris
622 4454 675 4500 Der
695 4454 737 4512 (C.
760 4452 791 4499 In
809 4458 923 4512 supremo,
946 4460 958 4500 3
979 4458 1144 4514 nov.1621);
1168 4456 1415 4515 Congregatronem
