3148 5004
338 436 377 498 '16
403 511 407 520 ,
716 459 784 494 PARS
799 457 920 507 quinci.
937 457 1028 494 citior
1042 459 1052 494 1

153 604 262 672 titana,
376 595 502 657 laterna
528 601 641 658 autem
667 595 802 658 vocatio
818 594 964 658 refertur
980 596 1022 658 ad
1038 596 1147 658 Deum
1170 600 1208 656 ut
1225 595 1266 658 ad
1287 615 1426 660 causam

123 661 256 766 22¹}‚fflm
336 676 574 740 immediatam.
591 677 704 760 Quare
727 680 849 741 dicitur
871 676 990 741 divina.
1016 677 1242 741 Considerata
1255 677 1351 740 active
1365 698 1425 742 seu

205 754 211 766 ’
335 759 368 822 in
383 759 450 821 Deo
465 766 599 836 vocante,
617 770 668 822 est
691 760 799 842 ipsum
825 760 975 823 divinum
991 760 1240 843 beneplacitum
1268 760 1308 823 de
1331 770 1424 824 certo

331 850 428 906 statu
458 843 500 904 ab
526 842 638 922 aliquo
668 842 803 906 homine
833 843 936 906 libere
966 843 1131 924 eligenda,
1160 845 1248 924 quod
1274 843 1424 907 continet

336 929 508 990 decretum
536 927 759 1007 praeparandi
785 933 819 988 et
847 925 1010 989 invitandi
1026 927 1198 989 hominem
1213 925 1317 1004 illum,
1334 946 1426 990 eum·

336 1029 400 1089 que
416 1015 662 1089 consequenter
683 1009 826 1090 juvandi
853 1008 886 1071 in
903 1009 961 1071 tati
977 1010 1192 1089 exsequendo
1216 1009 1368 1073 consilio.
1386 1046 1427 1056 —

335 1090 463 1156 Passivc
489 1110 583 1166 vero,
611 1110 670 1153 seu
697 1092 730 1154 in
757 1092 909 1172 subjecto
939 1099 1075 1169 vocato,
1109 1092 1318 1154 demonstrat
1348 1112 1424 1156 cum

336 1187 507 1256 receptam
534 1173 755 1254 aptitudinem
790 1175 831 1236 ad
862 1174 953 1236 illum
985 1182 1112 1237 statum
1143 1175 1423 1255 amplectendum,

336 1265 409 1320 tum
435 1255 587 1318 notitiam
612 1257 740 1319 consilii
766 1256 882 1334 divini,
907 1277 992 1335 quae
1021 1258 1212 1337 comparari
1227 1266 1337 1338 potest
1353 1259 1424 1320 sive

336 1361 396 1423 per
406 1345 546 1401 externa
558 1340 760 1402 documenta
772 1340 842 1402 sive
855 1358 915 1420 per
927 1340 1094 1402 internam
1111 1338 1369 1401 illustrationem
1383 1360 1423 1402 ac

337 1422 530 1486 motionem.
544 1421 641 1483 Patet
656 1441 723 1484 non
740 1442 942 1503 repugnare,
961 1423 1061 1485 immo
1077 1423 1271 1502 plerumque
1283 1421 1367 1498 lieri,
1382 1428 1419 1482 ut

336 1505 405 1568 bini
416 1503 666 1585 conjungantur
679 1505 778 1580 modi,
792 1513 826 1566 et
839 1505 973 1567 interna
985 1504 1191 1588 experientia
1203 1503 1421 1566 confirmetur

337 1588 425 1669 quod
441 1587 589 1649 externis
604 1587 761 1650 hauritur
773 1587 934 1650 fontibus.

123 1712 206 1758 Pressa
215 1710 279 1758 dicta
372 1691 520 1768 Quamvis
529 1709 641 1764 reapse,
655 1692 779 1765 eoquod
793 1693 874 1749 hunc
888 1703 990 1749 teneas
1003 1694 1081 1750 vitae
1094 1707 1215 1750 cursum
1229 1691 1281 1764 qui
1301 1689 1367 1748 Deo
1382 1699 1426 1748 est

124 1770 278 1872 :espattlsla-
335 1789 483 1847 acceptus,
509 1775 566 1832 dici
590 1777 686 1849 possis
707 1777 745 1833 ad
772 1794 844 1833 eum
869 1789 1003 1846 vocatuS,
1031 1777 1231 1836 nihilominus
1253 1771 1376 1844 vocatio,
1393 1785 1426 1832 ut

125 1839 227 1932 ἔχω
244 1842 280 1873 en·
335 1860 440 1916 electio
453 1859 483 1916 in
498 1859 680 1929 universum,
697 1857 756 1916 fere
770 1879 830 1917 nori
845 1859 969 1917 refertur
981 1861 1038 1917 nisi
1058 1860 1095 1917 ad
1110 1859 1236 1933 gradum
1250 1859 1424 1932 quempiam

335 1943 528 2014 superiorem,
552 1945 735 2000 eminentem
752 1956 772 2000 1.
789 1945 919 2001 Positiva
948 1962 1080 2018 namque
1100 1944 1275 2000 excellentia
1305 1943 1426 2016 requirit

261 2055 263 2061 v
335 2028 399 2084 sola
422 2027 581 2099 positivum
605 2028 756 2086 decretum
781 2040 810 2085 et
823 2029 1057 2101 providentiam
1079 2029 1201 2084 instato
1221 2038 1324 2084 autem
1343 2045 1425 2084 com·

336 2113 421 2168 muni
444 2113 542 2184 potius
563 2113 737 2186 relinqueris
764 2130 855 2186 quam
879 2114 917 2169 ad
942 2114 1026 2170 illum
1050 2114 1091 2170 sis
1113 2112 1234 2168 electus.
1261 2109 1365 2184 Itaque
1387 2110 1424 2166 ad

313 2206 446 2262 ¹statum
469 2192 644 2266 clericalem,
670 2192 892 2268 sacerdotalem,
919 2206 952 2253 ut
979 2198 1151 2270 opponitur
1166 2195 1255 2252 statui
1281 2196 1425 2252 la'i'corum

335 2283 389 2338 erit
414 2279 543 2353 profecto
566 2282 683 2338 vocatio
709 2299 808 2354 presse
837 2283 991 2339 intellecta
997 2299 1006 2352 ;
1029 2282 1067 2338 atl
1093 2281 1300 2337 condicionem
1324 2289 1425 2335 autem

335 2365 494 2421 sacerdotis
505 2361 657 2430 secularis,
670 2383 730 2438 qua
745 2367 821 2436 talis,
839 2366 1000 2439 improprie
1014 2375 1131 2421 tantum
1153 2366 1279 2421 habetur
1295 2364 1426 2436 :quippe

335 2449 385 2520 qui
400 2448 442 2504 sic
453 2465 534 2504 mere
549 2460 638 2521 neget
652 2449 816 2506 bonitatem
830 2460 925 2505 status
938 2445 1085 2521 religiosi.

92 2598 98 2610 .
150 2557 241 2624 Gratia
376 2568 407 2610 2.
426 2545 539 2608 Gratia
562 2546 703 2627 denique
729 2546 851 2609 divinae
873 2546 1038 2608 vocationis
1055 2545 1290 2626 complectitur
1306 2541 1421 2605 omnia

120 2618 260 2699 ‘'⁰⁶“'²⁰''‚‘⁵·
322 2625 494 2711 'adjuncta
517 2631 685 2691 exteriora
701 2636 803 2709 atque
819 2629 951 2690 interna
976 2629 1100 2690 auxilia
1116 2625 1235 2707 quibus
1251 2626 1344 2687 Deus
1360 2626 1420 2687 ali-

334 2730 432 2792 quem
448 2711 581 2773 fortiter
596 2712 813 2791 suaviterque
837 2711 927 2772 ducit
951 2709 993 2771 ad
1011 2708 1278 2791 amplectendam
1294 2714 1419 2784 mente,

332 2796 507 2856 voluntate
530 2802 632 2872 atque
647 2813 748 2874 opere
771 2794 982 2856 vocationem
999 2792 1146 2854 divinam
1162 2788 1273 2852 active
1289 2795 1421 2872 specta-

333 2883 415 2938 tam.
429 2876 593 2956 Designat
609 2895 691 2956 ergo
707 2875 875 2956 quandam
891 2876 1163 2956 adjumentorum
1177 2892 1356 2936 summam.

119 2955 185 3056 ‘D‘
207 2967 277 3056 ΞΜ·
378 2960 463 3022 124.
495 2980 521 3020 i.
552 2957 717 3038 Imprimis
748 2959 863 3020 sedulo
894 2957 1149 3038 distinguendae
1178 2965 1258 3018 sunt
1284 2955 1420 3019 vocatio

119 3016 279 3130 iiss‘riiigsii]
332 3059 391 3101 seu
414 3039 528 3101 divina
553 3039 708 3101 invitatio
731 3042 773 3103 ad
796 3042 968 3120 sequenda
992 3039 1130 3103 consilia
1148 3038 1356 3120 evangelica,
1373 3038 1421 3100 ita

117 3142 178 3175 sum.
332 3128 369 3183 ut
395 3139 499 3183 coram
520 3121 587 3183 Deo
604 3123 636 3184 iii
653 3123 869 3203 perfectionis
885 3125 941 3186 via
957 3125 1003 3185 sis
1019 3122 1185 3186 stabiliter
1201 3120 1416 3200 constitutus,

147 3239 238 3298 Duplex
332 3212 366 3266 et
380 3204 536 3267 invitatio
551 3204 593 3266 ad
605 3204 810 3294 profitendam
837 3207 1023 3269 eorundem
1044 3207 1255 3287 disciplinam
1266 3203 1299 3266 c'a
1311 3202 1416 3266 Eccle-

118 3299 274 3366 ieratnasvo·
331 3286 390 3362 sia,
408 3287 454 3350 ita
466 3294 503 3350 ut
519 3288 663 3351 verseris
680 3288 712 3350 iii
728 3295 812 3352 statu
821 3289 1031 3370 perfectionis.
1049 3290 1200 3352 Priorem
1215 3286 1304 3349 enim
1320 3305 1418 3348 voca-

116 3359 233 3404 “¹”⁰'¹²⁵²
332 3370 457 3435 tionem
474 3391 548 3434 esse
573 3372 681 3434 altera
707 3373 806 3454 longe
827 3373 1107 3436 universaliorem
1131 3369 1254 3449 ambigi
1281 3369 1435 3448 nequit3,

116 3412 275 3518 2⁰53inss
332 3474 393 3517 nec
420 3456 535 3517 statim
563 3474 583 3516 a
606 3455 660 3516 via
675 3455 892 3548 evangelicae
908 3454 1123 3536 perfectionis
1140 3451 1350 3546 repellendus
1365 3458 1417 3513 est

116 3532 137 3571 ‘¹
147 3528 274 3575 eorumdem
331 3554 429 3616 quein
445 3556 564 3617 parum
575 3537 781 3618 judicaveris
805 3545 920 3621 aptum
945 3536 986 3598 ad
1002 3537 1149 3616 aliquam
1166 3533 1418 3614 ingrediendam

115 3583 237 3644 professa.
331 3620 630 3699 congregationem
647 3621 853 3699 religiosam·

146 3725 268 3774 Generalis
325 3707 327 3712 '
371 3723 401 3763 2.
428 3702 495 3763 Pro
521 3700 609 3762 modo
631 3722 690 3782 quo
707 3701 856 3764 indicitur
881 3708 916 3763 et
944 3700 976 3761 υἱ
1003 3719 1064 3782 qua
1092 3699 1252 3774 suadetur,
1281 3697 1416 3761 vocatio

117 3786 217 3832 '’⁰⁶⁶1‘'st
329 3790 380 3848 est
390 3782 542 3866 generalis
557 3787 610 3846 vel
624 3783 773 3864 specialis.
795 3783 970 3847 Generalis
1000 3783 1038 3845 fit
1053 3782 1233 3844 itavitalioac
1248 3779 1416 3842 tcat'ocrs'ali

329 3885 388 3927 seu
404 3865 531 3927 directa
554 3867 596 3928 ad
611 3885 739 3944 omnes,
756 3886 923 3946 quamque
946 3885 1062 3928 omnes
1085 3868 1197 3947 legere
1213 3871 1354 3947 possunt
1377 3864 1410 3925 in

323 4075 326 4080 '
356 4073 432 4122 ¹His
450 4073 561 4139 minime
581 4080 733 4136 repugnant
750 4089 782 4122 ea
799 4087 871 4136 quae
891 4074 975 4134 habet
996 4079 1153 4134 Apostolus,
1172 4093 1181 4121 1
1201 4075 1233 4122 ad
1251 4075 1311 4123 Cor.
1331 4089 1353 4131 7.
1377 4091 1414 4124 κο.

329 4133 556 4192 «Unusquisque.
578 4133 673 4192 inqua
684 4134 827 4181 vocatione
845 4143 957 4183 vocatus
968 4143 1017 4189 est,
1036 4133 1064 4180 iii
1079 4148 1112 4181 ea
1127 4139 1293 4191 permaneat.
1308 4149 1316 4176 i
1339 4132 1415 4180 Mete

327 4191 399 4238 euim
410 4203 475 4238 usus
484 4199 658 4250 metonymia.
669 4192 695 4240 S.
706 4191 809 4238 Paulus
818 4189 855 4238 ibi
868 4205 964 4240 vocem
974 4193 1107 4239 vocationis
1116 4190 1234 4238 traducit
1242 4189 1278 4237 ad
1286 4189 1416 4254 adjuncta

326 4251 457 4296 vocationis
468 4248 499 4295 ad
505 4245 576 4308 fidem
587 4264 636 4297 nec
646 4249 747 4308 cogitat
760 4247 797 4296 ibi
811 4252 853 4296 vel
865 4250 998 4297 indirecte
1013 4249 1167 4302 significare
1178 4249 1212 4312 ad
1224 4261 1331 4312 omnem
1342 4255 1415 4294 vitae

326 4306 515 4354 condicionem
530 4320 588 4354 esse
604 4308 715 4365 proprie
733 4307 835 4355 dictam
847 4307 1020 4356 vocationem
1038 4306 1097 4354 Dei.
1111 4305 1144 4354 ld
1155 4311 1221 4352 satis
1231 4307 1368 4363 colligitur
1378 4318 1411 4352 ex

326 4371 452 4410 contexta
462 4363 585 4410 oratione
596 4363 643 4411 ubi
656 4365 689 4412 de
701 4378 756 4411 una
764 4365 908 4412 vocatione
919 4364 955 4412 ad
966 4363 1047 4411 fidem
1058 4363 1088 4412 fit
1100 4363 1210 4411 mentio.
1224 4364 1271 4412 Sin
1280 4365 1366 4420 aliter,
1379 4375 1412 4409 ex

326 4433 352 4467 v.
365 4427 392 4467 18
405 4419 519 4467 deberes
531 4419 674 4469 admittere
686 4421 859 4470 vocationem
870 4422 906 4470 ad
916 4421 1102 4481 praeputium.
