3138 5014
146 489 327 569 [431-432]
491 451 529 546 ¹nu
549 509 723 545 nrunancnm
738 508 890 545 turumone
1173 483 1232 550 idi

67 685 69 690 -
146 639 234 709 enim
251 639 379 729 poenae
392 640 477 727 quae
489 639 561 730 ipso
574 647 665 728 lacto
678 639 908 709 committatur
921 636 1234 726 videtur'pertinere

145 727 187 790 ad
216 749 393 792 censuram
424 730 478 792 vel
508 749 651 812 poenam
682 731 816 814 proprie
846 727 958 806 talem,
990 727 1038 790 ita
1066 732 1104 789 ut
1133 727 1234 791 indici

146 819 293 891 nequeat
306 813 369 875 nisi
383 833 423 874 ex
434 812 681 894 jurisdictione.
785 859 787 862 .

186 908 277 972 431.
291 908 333 971 ΙΙ.
351 909 380 973 U
411 911 530 971 Patris
547 909 665 971 officio
681 907 874 986 defungitur
898 905 1070 989 Superior,
1092 929 1119 970 1.
1137 905 1233 968 Solli-

145 988 246 1051 citam
262 990 349 1071 gerit
362 1011 477 1054 curam
491 991 531 1054 de
544 991 707 1072 singulari
722 989 935 1053 subditorum
948 989 1104 1052 utilitate.
1119 990 1233 1072 Quare

144 1071 410 1155 uniuscujusque
433 1073 618 1155 cognoscit,
645 1073 746 1156 etiam
773 1072 1027 1154 interroganda,
1052 1092 1232 1135 conversa-

144 1154 268 1217 tionem
296 1157 500 1238 religiosam,
529 1155 745 1238 reprehendit
769 1161 802 1217 et
819 1155 969 1236 corrigit,
988 1154 1102 1217 omnia
1119 1159 1231 1217 tamen

143 1238 330 1302 ordinando
347 1241 389 1302 ad
413 1241 521 1322 ipsum
548 1238 769 1319 delinquentis
793 1238 929 1300 bonum.
956 1237 1052 1302 Unde
1068 1258 1108 1299 ea
1123 1257 1233 1320 poena

143 1321 234 1382 omni
251 1321 260 1349 ¹
278 1328 311 1384 et
324 1325 396 1388 sola
412 1325 555 1386 multare
572 1328 682 1404 potest
700 1341 786 1402 quae
810 1321 851 1382 ad
868 1321 1090 1402 delinquentis
1107 1322 1232 1384 condu-

143 1403 189 1466 cit
205 1405 488 1469 emendationem.
805 1469 808 1476 ,

184 1507 214 1550 2.
242 1488 293 1550 Ad
310 1489 417 1570 ipsum
440 1489 638 1551 deferuntur
655 1486 777 1549 delicta
798 1485 1020 1563 subditorum,
1049 1487 1232 1549 observato

143 1575 255 1632 tamen
269 1570 322 1633 hic
339 1573 456 1635 ordine
480 1570 700 1644 correctionis
717 1566 901 1646 fraternae,
918 1570 980 1632 nisi
997 1569 1150 1633 subditus
1167 1570 1231 1632 hoc

144 1651 282 1714 cesserit
295 1653 382 1734 jure,
400 1656 465 1731 vel,
482 1661 519 1716 ut
532 1654 628 1716 facile
644 1651 810 1732 contingit
823 1651 855 1714 in
873 1652 1054 1734 Superiore
1071 1652 1230 1734 regulari,

144 1733 185 1794 ad
208 1734 317 1816 ipsum
346 1737 569 1817 delinquentis
597 1737 721 1798 bonum
738 1741 888 1819 praestet
914 1735 1129 1817 Superiorem
1154 1735 1232 1818 pru'·

146 1817 280 1879 dentem
297 1825 330 1879 et
347 1820 528 1882 discretum
545 1821 672 1883 directe
688 1837 838 1880 monere.

185 1899 354 1963 Observes
371 1922 438 1963 non
450 1921 549 1985 posse
556 1907 612 1984 per
622 1922 652 1963 se
666 1901 881 1984 Superiorem
893 1900 942 1962 uti
955 1901 1096 1964 scientia
1109 1902 1232 1964 hausta

144 2000 184 2042 ex
200 1989 342 2064 paterna
368 1984 622 2054 denuntiatione
645 1985 687 2046 ad
703 1985 948 2047 correctionem
961 1982 1154 2065 judicialem
1178 1986 1232 2046 vel

144 2065 240 2144 quasi
255 2066 369 2144 talem,
388 2068 451 2130 nisi
464 2075 592 2130 annuat
608 2067 773 2144 deferens,
793 2066 901 2129 veleb
918 2065 1041 2129 bonum
1055 2086 1232 2130 commune

146 2149 309 2211 canonica
334 2148 527 2212 denuntiatio
554 2152 609 2213 vel
637 2149 979 2232 judicialis-praecipi
1006 2150 1130 2212 valeat.
1159 2149 1230 2212 Cl'r.

145 2229 183 2292 C.
202 2232 242 2293 de
258 2232 369 2313 Lugo,
384 2233 447 2316 Op.
465 2233 535 2309 cit.,
550 2234 582 2297 d.
600 2253 650 2314 37,
669 2253 703 2296 n.
720 2238 828 2312 82-87.

186 2336 217 2392 3.
235 2314 420 2378 Peculiaris
445 2316 597 2378 condicio
613 2315 859 2395 religiosorum,
884 2333 950 2394 quo
968 2314 1086 2378 melius
1103 2309 1231 2377 obtine'·

144 2405 238 2459 retur
254 2396 428 2481 spirituale
444 2399 654 2480 singulorum
670 2398 806 2475 bonum,
825 2398 856 2460 id
872 2396 982 2466 effecit
1005 2404 1041 2460 ut
1059 2397 1230 2479 Superiori

143 2483 305 2560 tanquam
317 2482 405 2563 patri
420 2482 692 2545 committeretur
705 2480 889 2564 spiritualis
903 2480 1095 2548 informatio
1107 2481 1232 2544 sub'diti

39 2599 41 2602 -
142 2564 327 2627 secundum
343 2565 505 2646 probatas
523 2563 802 2629 Constitutiones.
835 2563 912 2625 Huc
940 2570 1071 2657 spectat
1094 2564 1232 2629 licentia

141 2645 305 2709 accedendi
329 2647 372 2709 ud
396 2668 518 2711 sueram
542 2648 674 2730 synaxin
700 2654 733 2710 et
763 2667 835 2709 usus
861 2646 994 2709 rationis
1020 2645 1230 2712 eonscientiae.

142 2727 281 2806 Verum,
297 2738 372 2812 post
387 2732 490 2796 Decr.
505 2732 782 2815 Quemadmodum,
806 2750 842 2810 17
856 2730 928 2792 dec.
946 2737 1034 2810 1890,
1049 2729 1232 2813 spiritualis

142 2810 226 2873 haec
245 2831 327 2874 cura
341 2821 456 2895 erepta
474 2824 524 2878 est
541 2814 779 2897 Superioribus
797 2813 1034 2876 Institutorum
1051 2833 1118 2875 non
1136 2812 1232 2876 cleri·

143 2893 277 2957 calium.
287 2895 338 2957 De
350 2896 403 2958 his
416 2903 449 2958 et
462 2898 501 2959 de
511 2899 641 2960 ratione
655 2895 892 2973 conscientiae,
905 2896 965 2960 clr.
978 2896 1075 2977 infra,
1090 2903 1186 2980 parte
1200 2917 1230 2978 7.

208 3084 268 3149 Ill.
295 3089 347 3149 De
371 3090 617 3152 Praelatorum
640 3092 962 3154 Administratione
985 3095 1170 3174 temporali

141 3267 267 3333 samer,
285 3266 325 3321 De
351 3267 498 3336 Retipione,
518 3269 553 3323 tr.
571 3269 594 3333 8,
612 3269 630 3322 l.
648 3269 672 3332 2,
691 3283 715 3324 e.
744 3268 836 3334 26-283
856 3271 983 3336 Molina,
1016 3270 1053 3322 lle
1075 3270 1233 3325 Contracti-

177 3345 233 3410 bus,
246 3344 270 3398 (1.
283 3347 410 3411 464-468;
432 3348 464 3402 G.
478 3349 516 3403 de
533 3351 629 3418 Lupo,
649 3350 688 3403 De
708 3349 826 3404 niseum
847 3351 960 3412 aliare,
979 3349 1044 3411 (1.3,
1061 3362 1088 3400 n.
1110 3349 1233 3413 183-188;

178 3427 625 3494 Ρ1111111111,Μα11111,119,
647 3441 669 3480 e.
690 3430 714 3491 5,
736 3442 762 3481 n.
788 3429 879 3492 16-19;
903 3429 1097 3494 Tamburini,
1121 3427 1233 3494 Dejrrre

175 3501 324 3568 Attalum,
337 3503 355 3556 t.
368 3505 392 3568 3,
404 3504 429 3557 d.
443 3506 481 3558 11.
495 3507 533 3559 13.
547 3508 593 3570 14;
605 3508 763 3575 flotarius
780 3507 870 3563 Tlreol.
890 3523 961 3563 mor.
981 3507 1076 3574 repul..
1095 3509 1113 3560 t.
1132 3507 1155 3569 3,
1174 3507 1191 3560 l.
1209 3508 1233 3570 3,

175 3597 198 3636 e.
212 3585 234 3647 1,
246 3584 342 3650 punct.
356 3587 368 3636 1
380 3595 386 3649 ;
406 3585 436 3639 G.
448 3587 553 3653 Petra,
567 3587 597 3639 in
610 3585 638 3640 C.
651 3589 666 3640 5
683 3587 764 3641 Pauli
783 3600 802 3640 n
820 3587 947 3656 (Extrav.
969 3587 1152 3654 dentitiosue)
1172 3587 1190 3640 t.
1208 3589 1232 3650 5,

174 3677 200 3730 p.
212 3663 260 3716 208
279 3678 338 3732 sqq.
348 3675 355 3728 3
367 3666 478 3730 Bouix,
497 3665 536 3720 De
552 3668 620 3721 iure
638 3668 823 3736 repertorium,
842 3666 861 3720 t.
880 3668 903 3730 2,
921 3682 947 3735 p.
960 3671 984 3730 5,
998 3682 1019 3720 a.
1033 3669 1056 3730 4,
1069 3681 1094 3734 p.
1107 3667 1231 3731 ‘269-307;

173 3741 509 3805 Ballerini-Palmierr',
528 3743 601 3811 Opus
620 3744 811 3813 theotonicum,
829 3746 848 3798 t.
867 3747 889 3808 7,
910 3746 944 3798 tr.
967 3748 1005 3809 11,
1023 3759 1049 3798 n.
1071 3745 1136 3808 478;
1153 3746 1231 3812 Piat,

174 3819 385 3882 Praeteetiones,
398 3821 451 3873 eto.
462 3819 480 3874 t.
497 3822 519 3884 1,
531 3835 557 3888 p.
576 3822 686 3876 oui-604
696 3835 702 3888 ;
714 3825 856 3892 Angelus
872 3838 889 3877 a
903 3824 959 3879 SS.
975 3824 1084 3887 Corde,
1100 3823 1232 3880 Manuale

175 3896 227 3950 ete.
241 3908 259 3964 1,
273 3911 299 3964 p.
311 3897 436 3963 324-345;
451 3901 574 3964 Wernz,
584 3902 634 3956 ius
646 3902 763 3965 Deerat,
777 3902 796 3954 t.
809 3903 833 3966 3,
845 3902 888 3955 tit.
901 3905 924 3956 5.

184 4073 273 4138 432.
294 4096 321 4138 1.
338 4074 514 4138 Bonorum
530 4074 715 4156 domimum,
743 4078 771 4141 si
794 4077 941 4161 excipias
964 4078 1133 4160 peculiare
1149 4077 1231 4141 Fra·

144 4160 234 4217 trum
267 4157 436 4221 Minorum
470 4160 631 4241 regimen,
667 4167 719 4222 est
750 4180 791 4223 ex
818 4161 896 4244 jure
926 4162 1095 4225 communi
1128 4181 1231 4245 penes

144 4338 199 4348 ...-

171 4444 178 4478 ¹
201 4441 291 4490 Etiam
309 4443 589 4508 excommunicatione
612 4444 643 4504 (si
671 4445 773 4504 polleat
797 4443 1009 4505 jurisdictione),
1030 4449 1122 4493 monet
1143 4444 1174 4493 C.
1189 4443 1231 4491 ·de

142 4501 229 4562 Lugo,
241 4514 286 4560 op.
301 4507 347 4551 ert.
360 4501 387 4550 d.
401 4509 438 4560 37,
450 4515 478 4550 n.
491 4510 526 4551 85.

1135 4603 1165 4656 17

1316 904 1435 966 Superior,

1288 966 1400 1022 tanquam

1287 1020 1361 1066 Pater
1380 1035 1417 1070 aa·

1284 1080 1379 1136 gnescit
1394 1083 1415 1126 et

1287 1138 1388 1194 corrigit
1398 1150 1446 1184 mo·

1286 1207 1323 1240 res
1343 1194 1446 1256 suddito-

1287 1265 1339 1298 rum
1346 1264 1353 1309 ,·

1315 1475 1416 1536 Excipit

1286 1546 1344 1592 quae
1358 1533 1385 1580 de
1399 1536 1433 1580 eis

1287 1590 1435 1666 deseruntur:

1314 2310 1428 2359 Sntdr'los

1286 2370 1420 2430 spirituali-

1287 2433 1320 2474 ter
1340 2428 1419 2489 infor-1

1286 2491 1345 2534 mal.

1314 4093 1445 4155 Sudjrctrmr

1285 4153 1401 4207 dominii:
