3148 5004
351 463 411 526 102
640 485 708 520 PARS
720 486 844 534 spuisse.
861 487 958 522 saceio
975 491 995 521 i.
1013 487 1104 522 carui·
1118 488 1150 522 iii

351 613 483 692 suadet,
503 611 535 675 id
551 612 765 694 Superioribus
779 612 973 695 regularium
983 619 1088 697 prosse
1100 613 1214 678 talium
1230 616 1370 698 imponit
1384 619 1439 700 jus

352 697 547 780 positivum,
562 704 611 774 ut,
626 703 793 776 quatenus
805 716 890 780 opus
899 699 954 774 sit,
966 701 1144 780 suppleant
1153 699 1295 779 privatis
1307 703 1439 764 artibus

352 780 531 842 scientiam
544 798 645 858 quani
660 779 782 842 litteris
799 779 1084 843 testimonialibus
1101 781 1166 842 sibi
1183 801 1250 843 non
1267 783 1440 865 potuerint

287 884 291 892 ¹
354 880 566 941 comparare.
581 862 814 942 Regularium,
832 862 980 943 inquam,
999 883 1114 945 presse
1137 864 1278 928 talium}
1297 879 1440 946 namque

353 945 418 1038 hae
435 943 706 1008 Constitutiones
730 953 852 1026 regunt
870 954 1003 1008 tantum
1018 945 1152 1030 proprie
1169 947 1280 1010 dictos
1293 947 1438 1012 Ordines

354 1047 519 1090 virorum¹
1431 1067 1441 1094 .'

395 1132 424 1174 2.
440 1111 548 1172 Porro
561 1109 730 1171 concessit
739 1108 895 1172 Clemens
906 1127 981 1186 viii,
991 1115 1028 1172 ut
1042 1109 1070 1171 is
1083 1110 1139 1190 qui
1149 1110 1344 1192 juramento
1362 1132 1441 1175 con-

354 1192 1437 1276 firmaretnihilobessequominusadmitteretur‚possetinterea

296 1277 316 1350 s
356 1275 495 1342 induere
511 1275 665 1338 habitum
681 1277 888 1354 religiosum,
909 1277 1009 1338 modo
1029 1275 1188 1358 deinceps
1209 1285 1289 1340 ante
1310 1277 1437 1359 proles·

165 1845 203 1892 Dc
214 1842 301 1891 titteris

138 1900 302 2008 peppimoiiialt·

354 1357 484 1422 sionem
497 1359 669 1438 indagatio
686 1358 919 1440 perficeretur.
935 1359 988 1420 lta
1004 1357 1235 1437 Reiffenstuel‚
1255 1363 1275 1422 l.
1292 1379 1321 1421 c.
1337 1380 1371 1421 n.
1387 1365 1440 1438 85.

355 1453 361 1506 s
390 1463 489 1520 Immo
503 1463 565 1535 ipse
579 1458 688 1520 Sixttis'
699 1477 728 1532 V,
746 1462 781 1519 C.
796 1458 847 1520 Ad
862 1459 1049 1532 Romanum,
1064 1463 1178 1520 habiles
1185 1463 1360 1540 judicandos
1373 1480 1438 1519 esse

353 1547 456 1606 statuit
465 1564 515 1604 eos
525 1547 576 1621 qui
586 1565 602 1604 e
611 1547 721 1603 dissitis
728 1547 899 1628 regionibus
909 1547 1070 1616 venissent,
1081 1549 1116 1616 si,
1123 1543 1280 1625 diligentia
1289 1541 1437 1615 adhibita,

354 1632 429 1688 iiihil
448 1640 603 1705 appareret
616 1631 695 1704 quod
709 1647 760 1686 eos
773 1631 908 1704 ingressu
922 1631 1087 1703 prohibeat,
1102 1631 1240 1705 quamvis
1254 1649 1315 1688 non
1327 1631 1442 1704 liquido

354 1725 503 1772 constaret
515 1715 552 1772 de
572 1715 608 1771 iis
621 1714 762 1772 omnibus
776 1732 853 1787 quae
866 1715 897 1770 in
911 1716 1004 1787 ipsius
1015 1715 1228 1774 constitutione
1240 1714 1441 1788 requiruntur.

356 1822 360 1836 ¹
401 1811 751 1890 martianaeus,
775 1811 944 1875 Ordinarii
971 1819 1131 1891 testantur,
1159 1839 1172 1868 «
1192 1814 1241 1875 ita
1262 1819 1300 1874 ut
1326 1829 1441 1874 eorum

357 1897 565 1974 conscientia
591 1914 692 1976 super
719 1896 866 1958 veritate
882 1897 1112 1978 expositorum
1128 1898 1171 1959 sit
1188 1902 1342 1972 onerata,
1369 1921 1383 1949 »
1402 1892 1442 1955 de

355 1979 508 2042 articulis
525 1977 743 2059 sequentibus
768 1998 809 2039 ea
825 1998 911 2058 quae
927 1979 959 2040 in
984 1981 1193 2042 conscientia
1215 1999 1252 2040 se
1272 1978 1443 2040 affirmare

355 2082 455 2147 posse
482 2064 515 2124 in
536 2062 684 2146 Domino
703 2061 932 2142 judicaverint
948 2070 1024 2143 post
1040 2063 1235 2144 diligentem
1254 2059 1443 2142 inquisitio·
1517 2089 1520 2094 v

355 2167 444 2226 nem,
462 2147 564 2208 etiam
581 2163 638 2225 per
653 2152 803 2205 secretas
821 2145 1118 2225 interrogationes
1298 2160 1301 2165 ·

355 2266 362 2273 ·
395 2231 514 2309 Itaque
529 2227 665 2290 articuli
681 2235 782 2289 sunt:
800 2228 938 2306 natalia,
955 2234 1063 2306 aetas,
1090 2246 1213 2304 moreS,
1240 2225 1323 2302 vita,
1341 2221 1442 2300 fama,

356 2314 522 2389 condicio,
543 2310 711 2386 educatis,
729 2311 883 2388 scientia,
900 2330 944 2372 an
960 2311 1006 2372 sit
1026 2311 1208 2391 inquisitus
1226 2309 1430 2390 (postulans)

356 2396 469 2475 aliqua
486 2412 641 2469 censura,
671 2392 922 2472 irregularitate
939 2401 998 2455 aut
1021 2395 1087 2456 alio
1111 2393 1278 2455 canonico
1304 2391 1444 2471 impedi·

355 2485 469 2539 mento
499 2475 662 2550 irretitus,
693 2493 772 2536 aere
802 2478 913 2538 alieno
950 2483 1128 2556 gravatuS,
1164 2476 1217 2537 vel
1253 2473 1443 2537 reddendae

354 2559 499 2640 alicujus
525 2558 828 2620 administrationis
856 2560 978 2621 rationi
1003 2560 1183 2621 obnoxius.
1211 2559 1307 2620 Haec
1332 2562 1443 2639 poste·

355 2643 446 2704 riora
463 2641 644 2720 intelligas,
658 2646 824 2719 quatenus
840 2641 955 2703 obsint
972 2642 1182 2703 admissioni.

396 2725 548 2786 Litterae
575 2727 688 2783 autem
716 2723 958 2786 testimoniales
984 2732 1126 2806 possunt
1149 2743 1224 2786 esse
1241 2721 1385 2804 priuatae
1411 2722 1444 2779 et

353 2812 493 2868 secretae.
709 2816 712 2822 “

395 2911 425 2952 2.
445 2887 612 2951 Petendae
629 2893 742 2950 autem
757 2894 836 2950 sunt
854 2890 939 2950 tales
952 2889 1099 2967 litterae,
1120 2896 1189 2952 tum
1205 2888 1248 2949 ab
1262 2884 1445 2949 Ordinario

355 2971 508 3051 originis,
533 2979 605 3032 tum
621 2978 663 3032 ab
690 2969 878 3032 Ordinariis
894 2972 1046 3034 locorum
1064 2974 1097 3034 in
1116 2973 1237 3053 quibus
1254 2971 1443 3052 postulans,

355 3059 613 3137 post-expletam
639 3059 785 3116 aetatem
806 3072 839 3133 15
853 3072 1017 3133 antrorum,
1036 3054 1251 3117 altmannum
1269 3052 1277 3078 ¹
1296 3070 1445 3114 commo-

356 3145 452 3200 ratus
468 3136 581 3199 fuerit.

356 3267 361 3277 .
396 3243 427 3300 3,
465 3220 619 3281 Litterae
652 3219 874 3299 postulandae
911 3227 989 3282 sunt
1027 3227 1209 3300 antequam
1243 3215 1445 3288 candidatus

356 3302 475 3366 induat
492 3303 646 3364 habitum
662 3302 686 3363 ².
1029 3364 1032 3368 ,

396 3410 427 3468 4.
445 3386 616 3449 Ordinarii
633 3385 765 3446 litteras
780 3383 864 3447 istas
880 3385 1070 3446 detrectare
1086 3403 1152 3447 non
1169 3390 1324 3468 possunt.

397 3487 426 3548 5.
443 3469 525 3552 Jure
540 3473 604 3528 isto
617 3475 783 3546 reguntur
795 3469 934 3547 quilibet
947 3467 1044 3544 Ordo,
1060 3467 1280 3560 Coizgregatm,
1296 3463 1445 3534 Societas,

354 3549 546 3627 Institutum,
578 3549 812 3627 Monosteriam,
839 3551 971 3630 Domus,
1000 3551 1072 3611 sive
1103 3551 1136 3612 in
1166 3569 1215 3612 eis
1245 3555 1445 3632 emittantur

385 3757 510 3804 lAnnum
520 3755 576 3802 sive
585 3754 745 3803 continuum
756 3755 814 3802 sive
826 3754 1028 3814 interpolatum¹
1042 3762 1071 3804 ut
1082 3757 1412 3812 autumat·Monitore,viii,
1421 3772 1443 3811 2.

355 3828 382 3873 p.
395 3822 433 3870 46.
447 3815 600 3870 Praeterea,
621 3827 652 3860 eii
674 3813 772 3862 litteris
784 3815 807 3862 S.
822 3815 853 3862 C.
868 3815 955 3872 Super
966 3814 1114 3872 disciplina
1123 3815 1252 3873 regulari,
1263 3831 1291 3870 27
1302 3828 1367 3862 nov.
1379 3822 1446 3872 1892,

265 3923 266 3930 χ
355 3885 426 3976 guae
437 3871 588 3930 respiciunt
601 3872 684 3928 legem
695 3871 840 3919 militarem
853 3873 958 3925 Italiae.
972 3872 1102 3930 Religi=isi
1114 3873 1162 3932 qui
1179 3872 1298 3920 militare
1309 3879 1446 3934 coguntur

375 3928 465 3981 ebent.
474 3937 503 3975 ut
512 3927 729 3986 possintadmitti
740 3929 775 3976 ad
782 3929 1149 3987 professionemsollemnem.
1158 3929 1365 3978 afferrelitteras
1372 3928 1444 3976 testi-

234 4017 238 4028 .
258 4021 261 4026 .
355 3985 488 4035 moniales
500 3985 710 4034 Ordinariorum
721 3987 748 4033 in
758 4000 875 4046 quorum
888 3987 1006 4036 dioecesi
1019 3996 1072 4035 tres
1091 3988 1252 4036 commorati
1265 3989 1321 4036 sint
1330 3995 1445 4036 menses:

384 4047 395 4081 2
406 4044 558 4102 Respondit
569 4043 651 4090 etiam
669 4045 695 4092 S.
713 4046 902 4106 congregatio
915 4046 1047 4104 petendas
1058 4059 1116 4092 esse
1133 4046 1238 4095 litteras
1249 4045 1446 4093 testimoniales

355 4101 517 4164 deDonatis
527 4107 574 4166 seu
584 4100 692 4167 Oblatis
702 4111 849 4162 antequam
858 4103 1000 4162 proprium
1010 4103 1174 4151 Oblatorum
1184 4104 1299 4151 induant
1310 4101 1444 4151 habitum.

355 4160 437 4268 guod
455 4160 489 4207 de
500 4160 534 4207 iis
545 4159 751 4218 intelligendum
762 4159 929 4208 arbitramur
944 4161 991 4220 qui
1003 4162 1127 4220 aspirant
1138 4163 1174 4210 ad
1185 4162 1300 4222 gradum
1316 4162 1447 4209 Fratrum·

379 4231 556 4283 onversorum
575 4218 653 4282 Dect.
667 4225 719 4283 issi
733 4218 808 4277 apud
819 4217 951 4283 ¹Biizarri,
963 4233 989 4277 p.
1003 4227 1044 4276 892
1055 4219 1091 4266 ad
1102 4235 1124 4276 7.
1271 4275 1276 4284 .

385 4277 515 4326 Similiter
534 4273 581 4322 ubi
601 4275 764 4323 candidatus
783 4289 860 4334 prius
877 4291 925 4335 per
946 4289 1047 4324 annum
1068 4285 1251 4326 commoretur
1270 4291 1298 4324 in
1319 4276 1446 4325 claustris

356 4333 415 4381 sine
426 4340 499 4380 veste
510 4332 646 4392 religiosa.
658 4340 742 4393 atque
753 4335 836 4392 etiam
847 4342 907 4392 post
924 4334 982 4394 ejus
1000 4333 1083 4380 vestis
1099 4335 1301 4395 susceptionem
1310 4335 1360 4384 diu
1372 4334 1446 4383 diffe

355 4397 433 4438 ratur
452 4390 611 4439 novitiatus.
624 4389 731 4437 litterae
748 4389 895 4454 ¹habendae
915 4397 979 4439 sunt
999 4400 1147 4451 antequam
1166 4393 1297 4442 induatur
1317 4392 1446 4454 religiosa

357 4455 440 4496 veste.
455 4448 481 4496 S.
494 4448 525 4495 C.
538 4465 565 4504 24
574 4445 628 4493 feb.
643 4455 708 4495 1860.
721 4448 854 4506 Bizzarri,
865 4463 893 4506 p.
905 4466 958 4508 90²·
