3138 5014
136 610 277 658 Translatie

118 669 150 714 ad
165 683 276 716 successo·

119 743 164 774 res.

148 1080 258 1126 Potestas

119 1137 275 1185 hierarchica.

148 1497 252 1556 Quinam

117 1553 277 1672 possirrtdefu·

120 1618 170 1679 lare
188 1625 228 1658 ron
242 1627 275 1657 rs-

117 1684 196 1716 serros
208 1673 276 1716 iutra

118 1725 252 1774 Ordinem?

332 432 393 494 ⁶248
712 454 779 489 rurs
794 453 887 490 saura.
906 455 996 491 curus
1011 453 1031 490 11

332 589 567 672 impetrantur,
583 589 616 650 in
639 594 770 652 certum
783 594 914 671 tempus
933 591 986 653 vel
999 590 1041 652 ad
1054 587 1227 653 definitum
1242 610 1420 655 numerum

332 691 484 735 casuum.
498 672 622 734 Omnes
635 673 720 735 istae
733 671 912 735 facultates
926 691 1011 752 quae
1024 694 1043 735 a
1057 673 1280 736 Generalibus
1295 673 1422 736 fuerint

331 755 490 818 obtentae
502 760 680 816 transeunt
693 755 791 838 pleno
799 755 876 836 jure
888 754 930 816 ud
942 755 1142 818 Successores.
1161 757 1218 818 lta
1230 777 1271 818 ex
1282 757 1421 819 decreto

333 838 367 901 S.
386 837 505 915 Officii,
523 857 618 900 20-22
635 838 707 900 dec.
729 843 817 917 1899,
835 838 1034 920 traducente
1056 838 1098 902 ad
1122 837 1299 920 Superiores
1324 840 1421 901 Gerre-

331 918 572 982 rulesOrdinum
587 918 801 1004 religiosorum
817 920 989 983 decretum
1004 942 1036 1000 3-
1040 940 1056 1001 5
1071 922 1148 984 maii
1164 927 1327 1002 1899,qu0
1342 941 1424 984 con-

332 1003 487 1066 firmatur
502 1008 535 1064 et
551 1003 743 1064 declaratur
759 1003 884 1065 decret.
905 1009 1000 1081 24-26
1017 1004 1094 1066 maii
1116 1011 1205 1085 1897.

374 1107 404 1164 3.
421 1084 626 1148 Hierercbiee
651 1105 754 1147 eorum
776 1085 950 1148 constitutio
976 1085 1008 1148 id
1035 1087 1147 1165 efficit,
1176 1095 1213 1149 ut
1240 1087 1420 1149 Praelatus

332 1167 432 1249 rrrejor
447 1169 559 1230 valeat
580 1169 777 1250 plerumque
792 1168 904 1246 aalide,
922 1189 990 1230 non
1007 1175 1131 1244 tamen,
1155 1170 1217 1233 nisi
1234 1169 1276 1230 ob
1290 1168 1419 1249 justam

333 1271 481 1328 causam,
500 1250 589 1313 licite
605 1251 739 1313 demere
756 1251 795 1313 de
815 1250 1049 1332 jurisdictione
1065 1251 1216 1315 Praelati
1232 1251 1361 1314 minoris
1387 1253 1420 1313 in

331 1333 1418 1416 lorosiveinternosiveexterno.Suarez‚l.c.l.2‚c.2‚n.23.24.

373 1419 413 1478 A.
437 1434 483 1479 DE
504 1431 764 1494 Juntsorcrtoua
786 1432 865 1478 Foru
887 1433 1041 1479 ruralem.

372 1501 462 1564 416.
500 1500 696 1577 Deputatio
733 1501 1043 1561 confessariorum.
1086 1523 1113 1563 1.
1150 1499 1238 1560 [reiro
1268 1497 1416 1560 ordinem.

331 1583 363 1659 a)
387 1581 573 1661 Regulares
589 1582 641 1642 sui
664 1579 800 1642 Ordinis
824 1582 987 1662 deputare
1011 1580 1053 1644 ad
1069 1581 1253 1644 audiendos
1269 1581 1420 1643 subditos

332 1663 478 1745 pertinet
500 1663 542 1725 ad
565 1662 764 1744 Superiores
788 1663 890 1726 etiam
914 1663 1035 1742 locales,
1060 1664 1124 1727 nisi
1147 1664 1305 1726 restricta
1322 1663 1422 1725 fuerit

313 1819 315 1826 Α
331 1766 448 1809 eorum
464 1747 663 1810 auctoritas.
678 1745 796 1808 Omn's
813 1746 900 1807 cniu
918 1746 1090 1809 ordinaria
1102 1745 1294 1831 jurisdictio
1311 1765 1370 1829 per
1384 1765 1421 1808 se

229 1853 234 1858 ·
332 1829 479 1909 delegari
495 1834 620 1910 potest.

148 2563 209 2622 Quot
226 2564 276 2610 sini

118 2634 213 2666 nrrmero
241 2621 277 2668 de·

114 2678 216 2736 pertundi
226 2679 238 2725 .>

141 2983 178 3028 De
188 2983 275 3044 conses-

117 3042 182 3106 sione
199 3041 275 3088 Noui-

118 3103 215 3145 trorum.

145 3387 227 3434 Extra

117 3444 251 3494 Ordinem?

145 3671 187 3716 An
199 3671 275 3729 requi-

117 3728 180 3772 ritur
193 3732 275 3796 uppre-

116 3785 180 3831 ietio
202 3785 274 3832 Orde-

115 3843 202 3889 πηνίκ’)

366 1945 412 2001 Ex
426 1945 589 2002 Clementis
603 1960 658 2002 vur
678 1944 712 2003 C.
733 1939 847 2003 Nullus
866 1941 989 2004 omuino
1009 1944 1025 2021 ξ
1045 1962 1090 2020 37,
1113 1947 1194 2020 prius
1212 1947 1371 2020 requiritur
1390 1955 1422 2004 ut

331 2028 492 2102 deputandi
514 2028 551 2084 ad
575 2027 809 2100 praedicandum
830 2029 954 2084 verbum
977 2028 1044 2100 Dei,
1069 2031 1106 2087 ad
1129 2030 1294 2088 audiendas
1308 2031 1422 2088 conses-

331 2113 438 2184 siones,
454 2122 483 2170 et
497 2112 615 2186 publice
625 2112 805 2183 docendum,
817 2111 982 2186 periculum
999 2111 1220 2171 laciantcoram
1235 2116 1422 2188 congregatis

330 2199 423 2255 tribus
436 2198 542 2255 saltem
559 2197 825 2267 examinatoribus,
843 2198 873 2255 in
887 2199 1019 2270 capitulo
1036 2200 1168 2270 generali
1181 2208 1234 2256 aut
1247 2199 1422 2273 provinciali

330 2282 492 2354 eligendis3
509 2315 540 2322 -
557 2281 614 2338 nisi
628 2289 730 2337 tamen
744 2281 957 2354 approbandus
974 2281 1012 2338 sit
1026 2282 1140 2339 notorie
1155 2283 1290 2341 idoneus.
1307 2282 1422 2342 Verum

330 2368 417 2424 nobis
431 2385 491 2424 non
506 2375 623 2422 constat
642 2366 673 2423 in
687 2366 742 2423 hac
765 2365 985 2423 Constitutione
1005 2367 1102 2426 inesse
1124 2367 1185 2424 vim
1209 2368 1424 2429 universalem.

330 2449 390 2508 Cir.
405 2468 503 2523 supra,
520 2469 550 2506 n.
567 2450 669 2523 185,3.
711 2464 713 2468 ’
1058 2441 1061 2448 ’

372 2549 405 2626 b)
428 2549 495 2629 Ipsi
512 2547 709 2628 Superiores
726 2565 792 2608 non
806 2553 947 2628 possunt
964 2547 1080 2611 audire
1097 2545 1324 2610 confessiones
1341 2545 1420 2607 sub-

332 2631 488 2708 ditorum,
513 2630 576 2690 nisi
602 2628 636 2690 hi
660 2629 889 2691 commiserint
911 2637 1088 2710 peccatum
1111 2634 1333 2698 reservatum,
1361 2635 1423 2690 aut

331 2719 450 2794 sponte
480 2714 533 2774 vel
565 2711 700 2792 proprio
727 2719 820 2773 motu
841 2712 965 2774 adeant
991 2715 1034 2776 ad
1054 2712 1274 2796 Superiores3
1300 2710 1360 2774 sed
1389 2711 1424 2774 in

331 2795 470 2876 singulis
486 2794 650 2862 domibus,
669 2795 747 2871 du0‚
766 2800 834 2856 tres
847 2802 906 2857 aut
919 2797 1043 2878 plures,
1062 2816 1122 2879 pro
1136 2813 1277 2857 numero
1294 2795 1423 2877 majore

331 2879 385 2940 vel
400 2877 528 2939 minore
551 2877 726 2954 sodalium,
745 2878 925 2958 deputandi
942 2885 1022 2940 sunt
1039 2877 1238 2941 confessarii
1259 2877 1281 2940 ¹.

373 2963 403 3039 c)
431 2961 525 3024 Unus
552 2968 664 3022 tamen
690 2960 894 3024 Novitiorum
921 2961 1159 3023 Confessarius
1186 2968 1238 3023 est
1270 2959 1424 3042 ipsorum

331 3043 505 3124 Magister.
522 3042 645 3125 Quare,
672 3051 812 3126 excepto
834 3043 1019 3125 privilegio,
1047 3044 1074 3105 is
1098 3043 1212 3124 nequit
1230 3042 1329 3105 simul
1347 3061 1423 3104 esse

332 3127 446 3188 localis
473 3128 650 3189 Praelatus
691 3126 808 3188 Locali
832 3132 945 3189 autem
975 3125 1148 3208 Superiori
1171 3127 1344 3206 integrum
1370 3130 1423 3186 est

331 3211 434 3271 semel
451 3216 509 3271 aut
526 3210 647 3271 iterum
671 3209 703 3272 in
728 3229 828 3286 anno,
847 3229 906 3290 per
921 3228 957 3270 se
973 3209 1027 3270 vel
1048 3228 1109 3290 per
1132 3209 1246 3278 alium,
1266 3207 1421 3289 excipere

331 3291 545 3356 Novitiorum
562 3291 802 3354 confessiones.

373 3396 402 3437 2.
419 3377 523 3437 Exire
539 3374 689 3436 ordinem.
707 3374 777 3436 Nisi
795 3373 930 3455 propria
946 3373 1081 3435 obstent
1097 3375 1238 3442 statuta,
1258 3371 1422 3454 Superior

332 3459 486 3521 conferre
516 3456 618 3518 etiam
648 3462 760 3538 potest
786 3455 1056 3535 jurisdictionem
1088 3454 1258 3517 sacerdoti
1289 3462 1420 3532 extero,

331 3541 402 3602 sive
417 3538 549 3601 seculari
563 3539 634 3599 sive
650 3539 791 3619 regulari
806 3540 946 3601 alterius
963 3537 1112 3600 Ordinis.

367 3657 502 3715 Debetne
522 3655 658 3712 sacerdos
678 3655 732 3713 iste
751 3673 815 3713 esse
830 3656 1012 3729 approbatus
1030 3655 1068 3712 ab
1089 3653 1247 3712 Ordinatio
1266 3653 1322 3710 loci
1339 3651 1350 3710 Ρ
1370 3649 1424 3712 Ex

324 3739 396 3820 jure
415 3742 443 3797 id
462 3737 537 3796 effici
557 3740 670 3812 nequit.
685 3739 896 3797 Tridentinum
917 3741 999 3797 enim
1020 3739 1191 3796 Concilium
1211 3738 1300 3793 talem
1315 3753 1422 3809 appro·

331 3825 481 3882 barionem
507 3841 567 3879 non
584 3823 712 3895 postulat
725 3824 781 3880 nisi
803 3823 840 3879 ad
863 3822 1027 3879 audiendos
1050 3816 1204 3879 seculares.
1228 3818 1307 3895 Quid
1331 3819 1422 3891 igitur

331 3911 475 3984 prohibet,
498 3910 571 3982 quin
593 3911 729 3967 sacerdos
751 3911 810 3979 ille,
835 3921 979 3983 potestate
1004 3911 1059 3966 sibi
1081 3927 1099 3966 a
1124 3907 1281 3981 Superiore
1293 3905 1422 3978 regulari

330 3992 416 4062 sacta,
438 3993 590 4049 absolvere
604 4006 694 4066 queat
712 3995 889 4068 regularem,
910 3997 996 4062 sicut,
1012 4006 1082 4050 ante
1096 3992 1307 4050 Tridentinum
1322 3990 1422 4046 decre-

233 4097 236 4106 *
329 4088 404 4148 tum,
420 4077 566 4150 parochus
579 4076 696 4135 valebat
708 4079 806 4134 alieno
826 4078 970 4134 sacerdoti
985 4078 1155 4150 expeditam
1170 4077 1201 4132 in
1215 4092 1268 4132 sua
1282 4073 1418 4147 paroecia

359 4353 366 4386 ¹
379 4353 408 4399 C.
421 4352 601 4405 Seuerissimus,
614 4349 760 4399 Clementis
771 4363 829 4404 vru,
843 4348 943 4398 25m1ii
959 4355 1023 4408 1533.
1040 4347 1264 4398 Controversiam
1278 4342 1417 4406 quandam

329 4408 363 4455 de
380 4410 406 4455 vi
418 4409 498 4466 hujus
508 4409 619 4465 decreti,
634 4408 732 4455 videsis
744 4407 819 4466 apud
836 4407 906 4464 Fiat,
923 4425 941 4463 r,
957 4422 982 4466 p.
1003 4426 1054 4464 402.
