3134 5016
64 449 123 532 [546]
295 485 343 524 Μ
501 495 537 530 nn
553 493 866 529 conssnrnnmrnrmus
1166 470 1225 532 3l'l

87 607 304 684 dlltnlmnnll
333 628 439 710 recipi
452 635 624 709 nequeunt
636 627 782 704 absentes,
794 629 849 708 qui
863 649 953 690 mere
966 626 1086 689 litteris
1102 628 1153 689 vel
1166 646 1225 708 per

64 687 288 789 taliter-engilmon
314 729 475 774 ersonam
492 714 663 794 postulent
680 719 941 794 cooptationem,
959 711 1016 772 sed
1041 709 1225 790 requiritur

60 771 93 864 El,
107 795 144 840 nsi
154 801 175 874 'n
187 785 229 866 ipsis
240 789 269 852 litt
315 813 353 854 se
366 793 490 857 sistant
502 804 697 873 praesentes
712 815 825 856 coram
834 793 946 872 aliquo
959 793 1014 873 qui
1027 793 1223 854 facultatem

61 859 103 917 ntis
118 859 157 926 dan
171 867 259 958 lelenlp
298 878 475 957 ooptandi.
495 877 669 940 Concessit
690 885 803 938 tamen
820 877 855 939 S.
874 874 1113 956 CongregatiO,
1131 875 1223 936 decr.

60 957 135 1021 utrinqne,
273 1000 281 1017 ·
318 965 411 1036 1880,
443 967 480 1022 ut
508 961 541 1022 in
572 959 705 1022 casibus
733 959 960 1040 singularibus
990 957 1224 1019 Moderalores

82 1021 233 1122 laudantia
256 1059 318 1117 tue
342 1042 488 1123 delegati
514 1069 526 1096 α
555 1042 749 1123 dispensare
773 1043 901 1123 possint
924 1063 944 1102 a
966 1047 1095 1102 statuta
1116 1039 1224 1101 forma

59 1100 216 1190 ¹llllnllrlm
238 1139 447 1203 raesentes,
472 1145 511 1186 ac
538 1125 696 1186 absentes
724 1126 825 1186 etiam
852 1143 911 1206 per
936 1125 1140 1204 singularem
1164 1142 1242 1183 seu-

8 1223 10 1230 .
52 1193 193 1274 litlintona
221 1204 441 1270 ordinariam
459 1207 690 1288 exceptionem
707 1207 770 1268 rite
786 1209 974 1267 admittere.
995 1232 1008 1260 s

8 1235 294 1365 b..‚ll,psllvl1rmo,
314 1291 341 1351 si
356 1293 470 1370 agitur
482 1293 522 1352 de
540 1288 829 1352 Confraternitate
846 1287 955 1349 minus
979 1287 1096 1349 stricte
1120 1286 1221 1362 dicta,
1275 1320 1276 1324 =

8 1393 11 1424 r
125 1379 188 1454 neu
217 1385 305 1447 quae
334 1373 462 1435 laxiore
486 1373 621 1434 vinculo
644 1371 759 1434 sociali
783 1373 928 1452 copulat
943 1369 1224 1444 sodales-absen-

8 1496 15 1519 „
127 1451 217 1538 trum
241 1455 395 1535 receptio
421 1461 473 1517 est
498 1454 617 1516 valida.
635 1454 898 1517 Commendatur
920 1464 1032 1514 tamen
1049 1459 1097 1528 ut,
1122 1470 1222 1544 quam

8 1551 20 1591 l·
127 1545 290 1618 manime,
309 1537 459 1617 receptio
482 1538 525 1598 sit
549 1539 636 1599 inter
663 1545 870 1620 praesentes,
895 1542 928 1597 et
951 1535 1112 1596 suadetur
1129 1542 1224 1594 mslr·

129 1613 219 1671 tutio
247 1617 396 1694 plurium
423 1621 654 1699 delegatorum
681 1621 737 1700 qui
763 1621 796 1680 in
822 1619 924 1680 variis
953 1617 1034 1678 locis
1061 1616 1222 1678 facultate

8 1717 13 1757 r
129 1693 284 1770 polleant
301 1701 488 1763 asciscendi
505 1703 649 1763 sodales.

8 1801 12 1838 l
171 1775 362 1866 l³eculiaris
378 1793 554 1865 praeterea
570 1783 765 1846 Sodalitatis
782 1782 989 1845 Constitutio
1012 1782 1064 1843 vel
1088 1781 1223 1863 propria

8 1901 10 1925 l
128 1860 312 1942 privilegia
330 1867 384 1926 vel
410 1885 491 1928 usus
517 1867 717 1947 permittunt
735 1865 935 1945 quandoque
957 1871 994 1926 ut
1016 1864 1223 1945 recipiantur

8 1963 36 2009 ;,‚
131 1938 307 2006 absentee.
709 1963 711 1968 ’
1278 1928 1435 2045 quffi‘fflm

173 2021 199 2100 f)
216 2025 312 2102 Nihil
327 2049 386 2112 per
402 2049 438 2091 se
454 2030 567 2092 obstat
583 2032 661 2111 quin
679 2031 798 2110 aliquis
814 2030 960 2111 seipsum
977 2035 1123 2110 cooptet.
1279 2045 1402 2102 cooptare.)

173 2125 204 2183 3.
223 2108 273 2170 De
296 2113 361 2174 rito
383 2112 542 2174 servando,
561 2121 593 2192 a)
610 2112 770 2193 Inscriptio
787 2113 819 2174 in
835 2113 911 2174 albo
934 2111 1222 2174 confraternitatis
1298 2125 1417 2194 ,chessafl-

30 2241 34 2256 .
126 2197 184 2248 ,est
201 2195 399 2258 necessaria
421 2195 463 2255 ad
486 2196 666 2258 lucrandas
692 2195 928 2274 indulgentias,
954 2193 1084 2275 quoties
1111 2195 1222 2275 agitur
1278 2189 1433 2287 manscrip-

132 2267 173 2329 de
190 2270 484 2340 Confraternitate
497 2278 568 2339 veri
586 2278 729 2340 nominis
743 2278 765 2338 ¹.
780 2281 889 2358 Atque
906 2276 938 2339 in
955 2277 1016 2358 piis
1031 2277 1221 2340 Unionibus
1317 2277 1322 2287 ’

20 2368 23 2376 ·
123 2351 336 2439 ,plerumque
352 2361 437 2422 idem
454 2360 578 2439 requiri
586 2371 645 2422 ‘est
662 2362 810 2422 solitum.

24 2452 35 2495 “.
110 2505 116 2514 ,
175 2434 254 2500 Non
282 2441 386 2505 refert
402 2452 514 2504 tamen
539 2463 598 2524 per
620 2462 656 2504 se
679 2463 699 2504 a
726 2438 1100 2524 quonanmnterlalnn
1126 2441 1182 2502 liat
1197 2442 1220 2519 ²,

109 2519 236 2582 'modo
260 2523 331 2606 ipse
355 2525 450 2606 cujus
473 2535 525 2587 est
547 2533 708 2608 cooptare
731 2527 796 2589 alia
812 2526 979 2587 via‘suam
1001 2524 1221 2586 intentionem
1305 2545 1384 2604 Aqua

132 2609 318 2682 cooptandi
341 2609 424 2670 satis
447 2608 701 2688 significaverit.
730 2609 846 2675 Immo,
873 2606 936 2668 etsi
960 2607 1133 2687 inscriptio
1157 2605 1222 2668 ista
1276 2603 1436 2706 ffly‘nllfl·

130 2691 183 2742 est
200 2706 345 2766 prorsus
372 2691 576 2769 necessaria,
592 2691 662 2773 jam
690 2699 800 2752 tamen
830 2711 850 2751 a
876 2698 1012 2771 peracta
1029 2690 1222 2771 receptione
1276 2675 1426 2776 diigisnss‘ff

130 2770 359 2845 acquiruntur
376 2773 614 2852 indulgentiae.
634 2773 669 2836 S.
688 2774 725 2836 C.
744 2774 873 2851 Indulg.
892 2795 908 2850 3
925 2791 1003 2852 aug.
1027 2778 1105 2852 1899
1121 2773 1164 2834 ad
1189 2792 1220 2851 7.

160 2848 209 2938 b)
226 2853 304 2917 Non
321 2874 411 2931 raro,
436 2857 634 2935 praesertim
652 2857 684 2918 in
708 2857 859 2917 strictius
879 2865 1018 2936 accepta
1035 2856 1221 2917 confrater·
1298 2857 1432 2906 Alternus.

134 2938 256 3010 nitate,
284 2935 370 2998 ritus
386 2937 505 3017 aliquis
529 2945 706 3018 praeterea
722 2947 873 3000 sancitur
896 2938 1096 3000 servandus.
1121 2938 1157 3000 Id
1181 2958 1222 2999 ex

133 3016 275 3079 statutis
291 3020 345 3078 vel
360 3019 434 3079 aliis
451 3020 659 3081 documentis
676 3027 727 3080 est
743 3020 975 3100 colligendum.

178 3099 209 3175 c)
226 3099 388 3179 Receptio
405 3100 502 3162 debet
525 3121 598 3163 esse
619 3103 772 3184 gratuita.
799 3105 975 3167 Annuente
992 3110 1105 3163 tamen
1123 3100 1220 3162 Ordi-
1306 3106 1410 3173 necatio
1465 3128 1468 3133 ’

134 3180 260 3258 nari0‚·
276 3181 414 3244 indicari
438 3190 549 3264 potest
572 3187 734 3246 solvenda
757 3187 921 3265 quaedam
945 3185 1097 3265 pecunia,
1122 3183 1220 3245 modo
1274 3170 1392 3222 gratuita.

134 3278 323 3346 pauperum
340 3265 507 3327 habeatur
523 3286 609 3346 quae
625 3267 714 3329 dicta
731 3281 782 3330 est
798 3268 898 3330 rati0.

175 3369 207 3428 4.
226 3349 274 3410 De
289 3348 330 3408 vi.
350 3346 529 3430 Cooptatio
546 3349 649 3411 habet
668 3350 822 3412 effectum
833 3354 1021 3432 perpetuum,
1035 3367 1110 3410 ‘nec
1135 3347 1220 3408 tollis
1307 3351 1367 3410 Ejus
1381 3356 1432 3412 per.

133 3430 190 3489 tur
217 3429 282 3493 nisi
308 3430 361 3490 vel
385 3429 534 3511 legitima
559 3432 759 3494 demissione
792 3439 845 3500 vel
876 3433 1021 3514 positiva
1044 3433 1220 3494 voluntate
1277 3413 1397 3468 *mmm

133 3511 318 3574 confratris
334 3515 479 3575 nolentis
492 3517 562 3594 jam
581 3515 622 3576 ad
639 3515 954 3577 confraternitatem
970 3514 1152 3595 pertinere·
1281 3465 1376 3526 effectus,

176 3609 266 3672 552.
284 3609 467 3685 obligatio
483 3611 705 3671 confratrum
728 3631 792 3687 per
815 3631 851 3671 se
875 3621 931 3670 est
954 3611 1065 3671 nulla.
1084 3605 1222 3689 Regulae
1305 3614 1426 3672 obligatio

8 3731 9 3742 .
87 3688 225 3767 ,enim
243 3689 324 3751 nihil
339 3691 402 3750 sub
417 3697 559 3772 peccato
575 3693 1015 3774 praecipiunt3neceorum
1032 3693 1219 3771 neglectus,
1276 3673 1375 3731 ’ΨΜ-

133 3771 237 3834 etiam
254 3771 444 3850 diuturnus,
463 3773 564 3834 eflicit
580 3781 617 3834 ut
634 3777 707 3854 quis
721 3795 787 3836 non
801 3776 871 3856 jam
892 3776 1059 3855 pertineat
1075 3776 1117 3834 ad
1133 3772 1221 3836 Con·

134 3850 397 3916 fraternitatem.

177 3949 266 4012 553.
283 3952 337 4012 Ad
353 3931 541 4012 lucrandas
557 3954 808 4029 indulgentias,
827 3974 853 4014 1.
869 3951 958 4014 Satis
973 3965 1029 4031 per
1048 3970 1084 4012 se
1103 3956 1155 4012 est
1168 3951 1223 4012 illa
1308 3949 1433 3998 Condicio·

135 4027 248 4091 facere
263 4051 366 4110 opera
389 4033 509 4112 quibus
533 4047 612 4095 sunt
628 4036 839 4116 conjunctae,
858 4034 925 4096 etsi*
938 4036 1072 4114 regulae
1097 4033 1222 4097 fuerint
1279 4007 1382 4112 ξ’ᾆξηέἔ,
1399 4007 1435 4111 Ξᾷζ

135 4130 275 4192 prorsus
291 4116 464 4194 neglectae
481 4137 487 4192 ;
1280 4121 1418 4181 diligentias.

136 4274 483 4286 ———.—-

165 4377 173 4410 1
190 4381 211 4422 3.
225 4376 255 4423 C.
269 4375 375 4438 Indulg.
391 4385 416 4426 16
425 4377 475 4437 jul,
488 4387 545 4437 r887
554 4378 590 4428 ad
602 4399 615 4438 4
627 4383 654 4427 et
664 4380 700 4428 ad
710 4385 731 4427 5.

163 4448 211 4495 28.
224 4448 254 4496 C.
268 4446 374 4509 Indulg.
387 4455 414 4497 25
426 4457 494 4509 sept.
509 4457 574 4509 1845.
587 4451 659 4499 Deci.
672 4452 730 4498 nuth
753 4464 780 4498 n.
796 4457 847 4502 331.
