3148 5004
140 427 318 508 [me-129]
510 451 546 486 uu
561 450 719 490 vocitemus
735 448 879 486 nscrerosa
1193 425 1229 488 81

142 584 274 666 quidem
300 603 467 664 negamus
492 583 548 664 jus
576 603 650 646 esse
679 584 753 646 Deo
780 582 965 665 imperandi
991 582 1181 665 ingressum
1203 581 1236 644 in

142 666 350 748 religionem.
376 666 421 728 Et
438 665 464 728 si
484 666 538 728 cui
554 667 598 728 sit
613 665 729 729 animo
745 686 956 749 persuasum,
974 666 1046 729 lieri
1062 665 1237 746 moraliter

142 769 208 812 non
225 768 322 831 posse
340 757 378 810 ut
394 747 428 810 in
445 749 561 810 seculo
584 749 684 812 linem
711 755 913 829 assequatur
936 748 1066 820 salutis
1092 748 1125 810 in
1152 747 1237 809 cari-

144 839 249 895 tatem
266 851 348 912 erga
364 831 583 913 semetipsum
607 833 757 915 peccarit
779 831 819 910 si,
837 832 915 895 dum
932 831 964 894 in
981 832 1045 894 hac
1062 834 1236 913 permanet

143 914 322 989 sententia,
347 915 505 995 repudiet
527 922 655 976 statum
679 914 873 994 religiosum
891 915 914 992 ²,
930 933 1050 977 verum
1067 911 1237 974 existima·

144 1016 219 1060 mus
235 997 291 1059 vix
303 999 440 1060 evenire
457 1003 495 1058 ut
511 997 595 1060 haec
612 996 801 1079 subjectiva
817 996 991 1078 persuasio
1007 995 1055 1058 eis
1072 995 1238 1059 innitatur

147 1079 336 1142 rationibus
353 1099 439 1160 quae
456 1080 596 1142 eandem
609 1086 722 1142 mente
736 1079 835 1161 abjici
851 1099 918 1142 non
934 1078 1060 1142 sinant.

189 1163 302 1226 Facile
333 1173 446 1224 tamen
475 1163 587 1224 clarae
614 1163 804 1224 vocationis
838 1161 1039 1236 detrectatio
1065 1180 1107 1223 ex
1133 1161 1254 1240 stirpe,

149 1243 278 1306 orietur
303 1244 550 1326 peccaminosa,
575 1244 597 1307 i.
615 1265 645 1307 c.
674 1244 778 1308 nimio
801 1244 946 1325 quodam
970 1243 1092 1307 affectu
1117 1242 1157 1304 ad
1182 1261 1237 1303 res

150 1334 315 1400 terrenas,
329 1326 384 1406 qui
401 1328 566 1391 venialem
580 1334 692 1390 tamen
706 1348 765 1409 per
777 1347 812 1389 se
826 1346 894 1389 non
911 1325 1129 1390 transcendet
1145 1324 1238 1388 mali·

149 1409 242 1471 tiam.
260 1409 331 1471 Cir.
347 1409 553 1486 Lebmkuhl,
572 1427 595 1487 1,
614 1430 685 1490 510.
906 1415 911 1425 ‘
981 1479 982 1484 η

192 1493 278 1556 129.
306 1494 494 1554 Proximae
521 1496 721 1555 vocationis
749 1494 854 1570 signa
881 1491 914 1553 in
937 1491 1037 1554 ambo
1053 1490 1137 1552 baec
1154 1490 1238 1553 reci-

145 1574 229 1636 dunt
254 1593 262 1635 :
293 1575 462 1637 carentiam
493 1573 652 1648 obstaculi,
684 1575 797 1637 seriam
828 1581 856 1637 ct
885 1580 1000 1636 rectam
1028 1571 1237 1635 intentionem.

146 1655 277 1725 Scrinia,
297 1657 317 1718 i.
337 1677 366 1718 e.
384 1658 479 1738 cujus
495 1657 614 1720 efficax
631 1665 664 1720 et
678 1658 810 1720 firmum
826 1665 990 1740 appareat
1006 1657 1215 1738 propositum
1229 1675 1236 1734 ;

146 1743 270 1818 rectam,
297 1759 383 1820 quae
413 1742 541 1802 teratur
557 1740 589 1802 in
607 1741 697 1802 bona
720 1741 848 1803 ordinis
871 1740 1055 1822 spiritualis
1081 1744 1115 1800 et
1139 1739 1239 1801 finem

145 1822 236 1884 vitae
252 1823 439 1903 religiosae.
450 1823 502 1884 Ex
515 1823 562 1885 eis
572 1823 660 1885 enim
674 1843 760 1904 quae
773 1823 914 1884 diximus
928 1823 966 1884 de
982 1821 1239 1884 universalitate

145 1904 455 1986 hujusvocationis,
471 1905 639 1986 colligitur
652 1925 728 1969 eum
742 1925 821 1967 vere
835 1925 909 1967 esse
924 1917 1084 1967 vocatum
1096 1904 1239 1982 quivere

146 1990 219 2049 vult
244 1987 461 2069 perfectionis
489 1988 618 2068 ingredi
646 1988 747 2066 viam,
772 1988 835 2050 nisi
851 1988 937 2050 lorte
961 1986 1040 2067 quid
1057 1985 1237 2047 obstiterit.

219 2070 286 2132 uod
309 2081 487 2152 praeterea
510 2071 733 2133 confirmatur
755 2069 923 2132 sententia
952 2072 1142 2131 doctorum.
1168 2068 1238 2130 Cf.

149 2152 184 2215 S.
233 2152 383 2231 homam,
412 2154 468 2232 qui
496 2159 567 2215 tum
591 2173 707 2235 opusc.
734 2154 791 2216 cit.
820 2172 848 2214 c.
873 2176 904 2233 9,
933 2162 1002 2214 tum
1020 2173 1050 2227 2,
1067 2173 1098 2225 2,
1116 2169 1147 2229 q.
1168 2157 1237 2230 189,

147 2243 213 2298 art.
240 2259 277 2298 10
300 2237 342 2296 ad
361 2259 389 2310 1,
412 2243 515 2316 negat
542 2236 688 2298 efficacis
714 2235 876 2318 propositi
905 2234 1100 2315 religionem
1128 2233 1238 2313 ingre-

147 2317 262 2380 diendi
273 2321 417 2380 alteram
431 2338 505 2380 esse
518 2338 617 2401 posse
631 2320 795 2399 originem
809 2337 909 2397 quam
922 2317 1081 2391 divinam,
1097 2315 1237 2392 Suarez,

147 2407 191 2464 tr.
209 2420 239 2480 7,
256 2401 279 2462 l.
297 2418 326 2479 5,
352 2421 382 2462 c.
400 2407 431 2479 8,
450 2421 483 2464 n.
510 2422 552 2483 43
577 2402 745 2479 Lessium,
771 2420 824 2482 op.
843 2400 900 2463 cit.
930 2419 963 2462 n.
992 2405 1054 2475 28;
1084 2398 1236 2478 Segneri,

145 2483 249 2545 instit.
266 2482 407 2563 parochi,
433 2503 461 2544 c.
487 2505 517 2562 3,
542 2483 668 2564 §2;S.
691 2485 909 2546 Franciscum
936 2480 1114 2558 Salesium,
1138 2481 1236 2562 epist.

147 2585 228 2647 7423
254 2565 289 2628 S.
317 2567 527 2648 Alpbonsum
550 2567 585 2643 2;
613 2566 817 2644 Lehmkuhl,
837 2583 861 2644 1,
879 2571 1039 2645 506-5083
1064 2563 1235 2642 Palmieri,

145 2649 230 2728 Opas
245 2646 335 2710 theol.
351 2663 393 2710 tr.
411 2667 442 2724 9.
459 2649 508 2710 Dc
520 2648 660 2717 statibus,
682 2669 712 2711 c.
733 2673 760 2727 1,
778 2669 812 2709 n.
831 2671 902 2728 219.

186 2731 238 2792 De
253 2731 432 2792 vocatione
445 2737 560 2793 autem
579 2751 690 2812 quam,
709 2753 742 2793 n.
765 2747 842 2813 124²
857 2730 996 2793 lecimus
1011 2726 1181 2811 specialem,
1198 2730 1238 2791 de

145 2813 218 2892 ejus
223 2811 401 2894 frequentia
412 2820 446 2875 et
457 2814 568 2896 signis,
584 2834 649 2876 non
663 2815 711 2876 ita
725 2815 820 2876 facile
833 2823 884 2876 est
898 2812 1049 2895 prolerre
1059 2812 1235 2894 judicium.

146 2896 288 2959 Praeter
311 2895 549 2958 miraculosam
566 2897 820 2974 revelationem,
838 2895 973 2959 vocatio
990 2896 1053 2961 ista
1068 2894 1238 2957 existima-

147 2976 240 3038 bitur
252 2979 380 3054 adesse,
394 2979 435 3056 si,
450 2981 541 3040 lacta
555 2979 704 3060 diligenti
720 2979 897 3061 spirituum
915 2978 1127 3059 probatione,
1141 2983 1238 3040 tanta

149 3065 201 3119 est
214 3059 308 3141 copia
320 3059 596 3138 illustrationum,
608 3070 704 3124 tanta
717 3065 750 3124 vi
764 3063 898 3144 pellitur
914 3065 1086 3137 voluntas,
1101 3061 1154 3121 vel
1166 3067 1236 3123 tam

146 3151 404 3222 perseveranter
433 3145 526 3207 Deus
553 3146 698 3224 aliquem
726 3145 871 3206 invitare
902 3143 992 3205 baud
1023 3142 1168 3212 absistit.
1200 3149 1238 3204 ut

144 3223 270 3304 ambigi
294 3232 437 3306 nequeat
460 3227 549 3289 hunc
577 3229 618 3289 ad
642 3247 745 3289 unum
775 3227 854 3288 ferri
878 3232 1005 3286 statum
1030 3225 1234 3304 religiosum.

144 3306 222 3368 Huc
239 3320 406 3390 spectant,
423 3310 456 3372 in
472 3309 652 3372 Exercitiis
671 3310 706 3372 S.
724 3308 858 3390 Ignatii,
874 3308 939 3370 duo
952 3307 1067 3389 priora
1083 3316 1236 3388 tempora

145 3389 319 3451 faciendae
335 3392 523 3454 electionis.

185 3471 349 3554 Quamvis
372 3476 665 3554 supernaturalem
682 3475 891 3556 postulemus
915 3469 1149 3549 intentionem,
1167 3491 1234 3532 non

143 3573 305 3634 negamus
335 3555 407 3617 lieri
434 3576 533 3638 posse
559 3566 597 3620 ut
624 3576 707 3620 vera
735 3558 871 3619 vocatio
898 3556 1029 3620 initium
1061 3555 1163 3616 ducat
1192 3554 1235 3616 ab

144 3635 294 3699 humano
307 3639 451 3717 quodam
464 3647 602 3716 eventu,
612 3647 735 3719 utputa
747 3639 922 3722 temporali
935 3637 1030 3701 clade
1043 3639 1097 3699 vel
1110 3637 1234 3698 incom-

143 3720 255 3782 modo.
274 3719 345 3783 Ctr.
364 3720 504 3790 Suarez,
522 3723 571 3784 Dc
586 3721 692 3804 Relig.
710 3729 754 3785 tr.
780 3742 810 3802 7,
835 3724 856 3784 1.
875 3742 905 3802 5,
925 3742 954 3785 c.
972 3726 1003 3798 8,
1021 3741 1055 3784 n.
1072 3740 1090 3800 7
1106 3740 1113 3796 ;
1130 3720 1234 3781 Rota-

144 3801 242 3879 rium,
267 3803 291 3863 l.
309 3822 338 3864 c.
357 3822 390 3864 n.
412 3809 460 3865 18.
479 3805 599 3883 Immo,
618 3825 686 3865 non
707 3809 822 3866 statim
842 3804 999 3883 neganda
1022 3816 1074 3864 est
1101 3803 1234 3865 vocatio

142 3885 215 3965 ejus
242 3885 298 3964 qui
325 3885 390 3947 fine
418 3887 494 3948 duci
521 3889 656 3950 videtur
672 3906 712 3948 ex
736 3895 832 3967 parte
849 3893 967 3949 saltem
984 3886 1157 3963 humano;
1177 3887 1235 3948 sed

142 3974 273 4029 attente
288 3970 533 4049 explorandum
551 3970 578 4032 si
595 3970 682 4032 forte
698 3969 785 4030 adsit
803 3970 901 4031 simul
917 3988 999 4032 vera
1016 3968 1233 4050 perfectionis

142 4049 313 4128 voluntas,
343 4051 442 4112 itaut
466 4071 542 4133 spes
569 4053 612 4116 sit
639 4051 796 4114 affectum
825 4071 904 4114 mox
927 4058 1110 4134 purgatum
1138 4049 1177 4113 iri
1200 4058 1234 4112 et

142 4149 328 4196 evasurum
339 4134 438 4214 plane
453 4142 623 4198 sanetum.

170 4306 179 4341 1
196 4304 316 4362 Lessius,
330 4306 379 4354 Dis
402 4344 407 4354 .
420 4307 457 4353 Dc
466 4311 530 4353 statu
540 4307 603 4353 virae
610 4305 740 4365 deligendo,
751 4319 778 4354 n.
788 4324 817 4364 94
827 4303 909 4352 valde
917 4309 994 4365 urget
1005 4302 1077 4353 hanc
1086 4302 1229 4360 rationem,

144 4362 222 4422 quasi
234 4363 363 4424 frequens
386 4365 464 4412 uerit.
1127 4417 1131 4426 ,
1200 4417 1204 4425 ,

169 4425 180 4457 ²
195 4423 257 4469 Avis
276 4436 326 4469 aux
342 4427 443 4479 noza'ces,
460 4422 536 4470 allat.
550 4421 578 4468 in
589 4435 684 4480 opusc.
694 4421 755 4468 Auis
766 4435 808 4467 sar
825 4420 971 4468 invocativa
985 4421 1113 4480 religieuse,
1125 4433 1154 4467 m
1163 4419 1228 4466 edit.

143 4477 290 4538 Dujardin,
303 4480 403 4528 OEuvres
414 4482 547 4540 asce'trques
560 4484 578 4527 t.
593 4487 614 4536 3,
627 4494 654 4538 p.
667 4497 709 4537 4¹2
721 4485 796 4527 nota.
1150 4535 1166 4585 6

1307 1503 1374 1550 Bina
1382 1502 1452 1559 signa

1297 1561 1451 1626 vocationisg

1326 1616 1424 1666 Nullum

1298 1675 1443 1736 impedimen·

1298 1741 1354 1790 luna
1366 1735 1452 1780 seriaet

1297 1798 1358 1840 recta
1375 1794 1450 1838 inlen-

1297 1853 1340 1899 tio.

1320 3504 1384 3564 Quid
1394 3507 1417 3553 si

1290 3563 1406 3610 talamana

1290 3623 1433 3668 misceantur

1290 3681 1401 3731 rationes.
