<?xml version="1.0" encoding="UTF-8"?>
<!DOCTYPE html PUBLIC "-//W3C//DTD XHTML 1.0 Transitional//EN"
    "http://www.w3.org/TR/xhtml1/DTD/xhtml1-transitional.dtd">
<html xmlns="http://www.w3.org/1999/xhtml" xml:lang="en" lang="en">
 <head>
  <title>
</title>
<meta http-equiv="Content-Type" content="text/html;charset=utf-8" />
  <meta name='ocr-system' content='tesseract 3.04.00' />
  <meta name='ocr-capabilities' content='ocr_page ocr_carea ocr_par ocr_line ocrx_word'/>
</head>
<body>
  <div class='ocr_page' id='page_1' title='image "./dereligiosisins00vermgoog_0388.png"; bbox 0 0 3134 5016; ppageno 0'>
   <div class='ocr_carea' id='block_1_1' title="bbox 13 1953 198 2025">
    <p class='ocr_par' dir='ltr' id='par_1_1' title="bbox 13 1953 198 2025">
     <span class='ocr_line' id='line_1_1' title="bbox 13 1953 198 2025; baseline 0 -18"><span class='ocrx_word' id='word_1_1' title='bbox 13 1958 16 1975; x_wconf 77' lang='lat'>·&#39;</span> <span class='ocrx_word' id='word_1_2' title='bbox 109 1953 198 2025; x_wconf 84' lang='lat'><strong>1897.</strong></span> 
     </span>
    </p>
   </div>
   <div class='ocr_carea' id='block_1_2' title="bbox 101 465 1187 558">
    <p class='ocr_par' dir='ltr' id='par_1_2' title="bbox 101 465 1187 558">
     <span class='ocr_line' id='line_1_2' title="bbox 101 465 1187 558; baseline -0.009 -19"><span class='ocrx_word' id='word_1_3' title='bbox 101 477 135 558; x_wconf 82' lang='grc'>[5</span> <span class='ocrx_word' id='word_1_4' title='bbox 141 476 198 556; x_wconf 78' lang='grc'>62]</span> <span class='ocrx_word' id='word_1_5' title='bbox 460 496 496 530; x_wconf 77' lang='lat' dir='ltr'>ou</span> <span class='ocrx_word' id='word_1_6' title='bbox 513 492 829 532; x_wconf 75' lang='lat' dir='ltr'>cournnrrrurrnrmus</span> <span class='ocrx_word' id='word_1_7' title='bbox 1127 465 1187 529; x_wconf 81' lang='lat'>353</span> 
     </span>
    </p>
   </div>
   <div class='ocr_carea' id='block_1_3' title="bbox 99 623 1405 1862">
    <p class='ocr_par' dir='ltr' id='par_1_3' title="bbox 99 623 1243 1350">
     <span class='ocr_line' id='line_1_3' title="bbox 99 623 1187 710; baseline -0.005 -17"><span class='ocrx_word' id='word_1_8' title='bbox 99 631 210 693; x_wconf 91' lang='lat' dir='ltr'>adhuc</span> <span class='ocrx_word' id='word_1_9' title='bbox 227 629 355 710; x_wconf 87' lang='lat' dir='ltr'>vigent.</span> <span class='ocrx_word' id='word_1_10' title='bbox 381 631 444 706; x_wconf 85' lang='lat' dir='ltr'>Ita,</span> <span class='ocrx_word' id='word_1_11' title='bbox 469 633 509 691; x_wconf 86' lang='lat'>26</span> <span class='ocrx_word' id='word_1_12' title='bbox 532 634 617 710; x_wconf 86' lang='lat' dir='ltr'><strong>sept.</strong></span> <span class='ocrx_word' id='word_1_13' title='bbox 645 633 734 708; x_wconf 86' lang='lat'>1892,</span> <span class='ocrx_word' id='word_1_14' title='bbox 752 627 923 708; x_wconf 86' lang='lat' dir='ltr'>respondit</span> <span class='ocrx_word' id='word_1_15' title='bbox 945 625 981 690; x_wconf 91' lang='lat' dir='ltr'>S.</span> <span class='ocrx_word' id='word_1_16' title='bbox 1000 623 1038 689; x_wconf 88' lang='lat' dir='ltr'>C.</span> <span class='ocrx_word' id='word_1_17' title='bbox 1056 625 1187 705; x_wconf 87' lang='lat' dir='ltr'>Indulg.</span> 
     </span>
     <span class='ocr_line' id='line_1_4' title="bbox 100 708 1188 796; baseline -0.006 -21"><span class='ocrx_word' id='word_1_18' title='bbox 100 713 133 775; x_wconf 92' lang='lat' dir='ltr'>in</span> <span class='ocrx_word' id='word_1_19' title='bbox 149 732 252 774; x_wconf 89' lang='lat' dir='ltr'>causa</span> <span class='ocrx_word' id='word_1_20' title='bbox 268 711 346 775; x_wconf 86' lang='lat' dir='ltr'><strong>Soc.</strong></span> <span class='ocrx_word' id='word_1_21' title='bbox 363 712 455 796; x_wconf 87' lang='lat' dir='ltr'>Jesu,</span> <span class='ocrx_word' id='word_1_22' title='bbox 474 711 573 772; x_wconf 92' lang='lat' dir='ltr'>simul</span> <span class='ocrx_word' id='word_1_23' title='bbox 588 709 771 772; x_wconf 91' lang='lat' dir='ltr'>admonens</span> <span class='ocrx_word' id='word_1_24' title='bbox 787 711 906 772; x_wconf 91' lang='lat' dir='ltr'>Patres</span> <span class='ocrx_word' id='word_1_25' title='bbox 922 708 958 772; x_wconf 84' lang='lat' dir='ltr'>S.-</span> <span class='ocrx_word' id='word_1_26' title='bbox 970 709 1002 791; x_wconf 93' lang='lat' dir='ltr'>J.</span> <span class='ocrx_word' id='word_1_27' title='bbox 1015 714 1053 769; x_wconf 89' lang='lat' dir='ltr'>ut</span> <span class='ocrx_word' id='word_1_28' title='bbox 1069 713 1188 775; x_wconf 87' lang='lat' dir='ltr'>curent</span> 
     </span>
     <span class='ocr_line' id='line_1_5' title="bbox 101 790 1243 873; baseline -0.006 -16"><span class='ocrx_word' id='word_1_29' title='bbox 101 795 273 870; x_wconf 86' lang='lat' dir='ltr'>nominum</span> <span class='ocrx_word' id='word_1_30' title='bbox 302 793 512 871; x_wconf 85' lang='lat' dir='ltr'>relationem,</span> <span class='ocrx_word' id='word_1_31' title='bbox 530 813 572 855; x_wconf 90' lang='lat' dir='ltr'>ne</span> <span class='ocrx_word' id='word_1_32' title='bbox 596 794 728 856; x_wconf 90' lang='lat' dir='ltr'>sodales</span> <span class='ocrx_word' id='word_1_33' title='bbox 754 791 881 873; x_wconf 81' lang='lat' dir='ltr'>recepti</span> <span class='ocrx_word' id='word_1_34' title='bbox 906 791 940 853; x_wconf 87' lang='lat' dir='ltr'>in</span> <span class='ocrx_word' id='word_1_35' title='bbox 962 809 1079 852; x_wconf 91' lang='lat' dir='ltr'>eorum</span> <span class='ocrx_word' id='word_1_36' title='bbox 1094 790 1188 852; x_wconf 88' lang='lat' dir='ltr'>obitu</span> <span class='ocrx_word' id='word_1_37' title='bbox 1241 863 1243 867; x_wconf 23' lang='grc' dir='ltr'>Ι</span> 
     </span>
     <span class='ocr_line' id='line_1_6' title="bbox 103 871 1190 960; baseline -0.006 -22"><span class='ocrx_word' id='word_1_38' title='bbox 103 878 280 960; x_wconf 86' lang='lat' dir='ltr'>priventur</span> <span class='ocrx_word' id='word_1_39' title='bbox 310 875 491 957; x_wconf 76' lang='lat' dir='ltr'>suffragiis</span> <span class='ocrx_word' id='word_1_40' title='bbox 523 875 637 938; x_wconf 82' lang='lat' dir='ltr'>Clerici</span> <span class='ocrx_word' id='word_1_41' title='bbox 662 873 832 957; x_wconf 72' lang='lat' dir='ltr'>Regulares</span> <span class='ocrx_word' id='word_1_42' title='bbox 858 871 1041 953; x_wconf 86' lang='lat' dir='ltr'>(Theatini)</span> <span class='ocrx_word' id='word_1_43' title='bbox 1071 876 1190 952; x_wconf 87' lang='lat' dir='ltr'>optant</span> 
     </span>
     <span class='ocr_line' id='line_1_7' title="bbox 101 953 1202 1036; baseline -0.006 -14"><span class='ocrx_word' id='word_1_44' title='bbox 101 966 200 1029; x_wconf 84' lang='lat' dir='ltr'>etram</span> <span class='ocrx_word' id='word_1_45' title='bbox 218 965 255 1022; x_wconf 92' lang='lat' dir='ltr'>ut</span> <span class='ocrx_word' id='word_1_46' title='bbox 270 959 412 1022; x_wconf 83' lang='lat' dir='ltr'>Romam</span> <span class='ocrx_word' id='word_1_47' title='bbox 436 957 590 1019; x_wconf 86' lang='lat' dir='ltr'>mittatur</span> <span class='ocrx_word' id='word_1_48' title='bbox 614 957 727 1020; x_wconf 92' lang='lat' dir='ltr'>folium</span> <span class='ocrx_word' id='word_1_49' title='bbox 751 976 827 1036; x_wconf 92' lang='lat' dir='ltr'>quo</span> <span class='ocrx_word' id='word_1_50' title='bbox 839 955 1075 1018; x_wconf 91' lang='lat' dir='ltr'>describuntur</span> <span class='ocrx_word' id='word_1_51' title='bbox 1090 954 1112 1016; x_wconf 95' lang='lat' dir='ltr'>ii</span> <span class='ocrx_word' id='word_1_52' title='bbox 1134 953 1202 1034; x_wconf 82' lang='lat' dir='ltr'>qui¹</span> 
     </span>
     <span class='ocr_line' id='line_1_8' title="bbox 101 1036 1210 1124; baseline -0.005 -21"><span class='ocrx_word' id='word_1_53' title='bbox 101 1042 269 1124; x_wconf 72' lang='lat' dir='ltr'>stapulari</span> <span class='ocrx_word' id='word_1_54' title='bbox 284 1042 418 1104; x_wconf 92' lang='lat' dir='ltr'>ceruleo</span> <span class='ocrx_word' id='word_1_55' title='bbox 430 1041 494 1102; x_wconf 89' lang='lat' dir='ltr'>rite</span> <span class='ocrx_word' id='word_1_56' title='bbox 517 1046 596 1102; x_wconf 88' lang='lat' dir='ltr'>sunt</span> <span class='ocrx_word' id='word_1_57' title='bbox 607 1039 725 1104; x_wconf 91' lang='lat' dir='ltr'>induti.</span> <span class='ocrx_word' id='word_1_58' title='bbox 739 1041 845 1102; x_wconf 93' lang='lat' dir='ltr'>Immo</span> <span class='ocrx_word' id='word_1_59' title='bbox 857 1038 899 1100; x_wconf 91' lang='lat' dir='ltr'>ab</span> <span class='ocrx_word' id='word_1_60' title='bbox 916 1036 994 1119; x_wconf 91' lang='lat' dir='ltr'>ipsis</span> <span class='ocrx_word' id='word_1_61' title='bbox 1008 1043 1059 1100; x_wconf 89' lang='lat' dir='ltr'>est</span> <span class='ocrx_word' id='word_1_62' title='bbox 1072 1055 1210 1111; x_wconf 80' lang='lat' dir='ltr'>recens</span> 
     </span>
     <span class='ocr_line' id='line_1_9' title="bbox 101 1119 1190 1202; baseline -0.006 -17"><span class='ocrx_word' id='word_1_63' title='bbox 101 1130 214 1186; x_wconf 87' lang='lat' dir='ltr'>erecta</span> <span class='ocrx_word' id='word_1_64' title='bbox 247 1121 518 1186; x_wconf 88' lang='lat' dir='ltr'>Confraternitas</span> <span class='ocrx_word' id='word_1_65' title='bbox 556 1123 796 1185; x_wconf 81' lang='lat' dir='ltr'>immaculatae</span> <span class='ocrx_word' id='word_1_66' title='bbox 826 1119 1076 1202; x_wconf 89' lang='lat' dir='ltr'>Conceptionis.</span> <span class='ocrx_word' id='word_1_67' title='bbox 1114 1119 1190 1181; x_wconf 89' lang='lat' dir='ltr'>Non</span> 
     </span>
     <span class='ocr_line' id='line_1_10' title="bbox 102 1199 1189 1288; baseline -0.006 -21"><span class='ocrx_word' id='word_1_68' title='bbox 102 1211 236 1268; x_wconf 90' lang='lat' dir='ltr'>constat</span> <span class='ocrx_word' id='word_1_69' title='bbox 252 1203 375 1268; x_wconf 70' lang='lat' dir='ltr'>¹tamen</span> <span class='ocrx_word' id='word_1_70' title='bbox 402 1221 486 1288; x_wconf 90' lang='lat' dir='ltr'>opus</span> <span class='ocrx_word' id='word_1_71' title='bbox 513 1224 587 1267; x_wconf 89' lang='lat' dir='ltr'>esse</span> <span class='ocrx_word' id='word_1_72' title='bbox 614 1212 652 1268; x_wconf 91' lang='lat' dir='ltr'>ut</span> <span class='ocrx_word' id='word_1_73' title='bbox 677 1203 733 1285; x_wconf 92' lang='lat' dir='ltr'>qui</span> <span class='ocrx_word' id='word_1_74' title='bbox 758 1203 942 1286; x_wconf 44' lang='lat' dir='ltr'>scapulare,</span> <span class='ocrx_word' id='word_1_75' title='bbox 961 1202 1102 1266; x_wconf 82' lang='lat' dir='ltr'><strong>induant</strong></span> <span class='ocrx_word' id='word_1_76' title='bbox 1134 1199 1189 1262; x_wconf 92' lang='lat' dir='ltr'>isti</span> 
     </span>
     <span class='ocr_line' id='line_1_11' title="bbox 102 1287 1118 1350; baseline -0.004 0"><span class='ocrx_word' id='word_1_77' title='bbox 102 1287 374 1350; x_wconf 87' lang='lat' dir='ltr'>confrate&#39;rnitati</span> <span class='ocrx_word' id='word_1_78' title='bbox 390 1287 496 1350; x_wconf 89' lang='lat' dir='ltr'>simul</span> <span class='ocrx_word' id='word_1_79' title='bbox 508 1288 586 1349; x_wconf 91' lang='lat' dir='ltr'>dent</span> <span class='ocrx_word' id='word_1_80' title='bbox 603 1307 736 1350; x_wconf 91' lang='lat' dir='ltr'>nomen.</span> <span class='ocrx_word' id='word_1_81' title='bbox 1115 1303 1118 1307; x_wconf 88' lang='lat'>·</span> 
     </span>
    </p>

    <p class='ocr_par' dir='ltr' id='par_1_4' title="bbox 99 1365 1405 1862">
     <span class='ocr_line' id='line_1_12' title="bbox 141 1365 1405 1452; baseline -0.011 -20"><span class='ocrx_word' id='word_1_82' title='bbox 141 1371 169 1449; x_wconf 87' lang='lat' dir='ltr'>f)</span> <span class='ocrx_word' id='word_1_83' title='bbox 185 1371 358 1451; x_wconf 80' lang='lat' dir='ltr'>Dignitat&#39;e</span> <span class='ocrx_word' id='word_1_84' title='bbox 374 1369 494 1432; x_wconf 90' lang='lat' dir='ltr'>ceteris</span> <span class='ocrx_word' id='word_1_85' title='bbox 510 1377 662 1452; x_wconf 84' lang='lat' dir='ltr'>praestat</span> <span class='ocrx_word' id='word_1_86' title='bbox 684 1367 860 1452; x_wconf 89' lang='lat' dir='ltr'>scapulare</span> <span class='ocrx_word' id='word_1_87' title='bbox 873 1369 914 1430; x_wconf 90' lang='grc' dir='ltr'>Β.</span> <span class='ocrx_word' id='word_1_88' title='bbox 927 1366 974 1429; x_wconf 88' lang='grc' dir='ltr'>Μ.</span> <span class='ocrx_word' id='word_1_89' title='bbox 992 1367 1030 1430; x_wconf 92' lang='lat' dir='ltr'>V.</span> <span class='ocrx_word' id='word_1_90' title='bbox 1044 1365 1191 1428; x_wconf 79' lang='lat' dir='ltr'>deMonte</span> <span class='ocrx_word' id='word_1_91' title='bbox 1278 1372 1405 1432; x_wconf 69' lang='lat' dir='ltr'>Scipion</span> 
     </span>
     <span class='ocr_line' id='line_1_13' title="bbox 101 1430 1405 1537; baseline -0.006 -21"><span class='ocrx_word' id='word_1_92' title='bbox 101 1451 256 1516; x_wconf 69' lang='lat' dir='ltr'>Cermalo,</span> <span class='ocrx_word' id='word_1_93' title='bbox 280 1454 407 1537; x_wconf 87' lang='lat' dir='ltr'>Quare,</span> <span class='ocrx_word' id='word_1_94' title='bbox 429 1453 569 1534; x_wconf 88' lang='lat' dir='ltr'>decreto</span> <span class='ocrx_word' id='word_1_95' title='bbox 583 1473 624 1532; x_wconf 26' lang='lat'>,27</span> <span class='ocrx_word' id='word_1_96' title='bbox 640 1471 713 1533; x_wconf 90' lang='lat' dir='ltr'>apr.</span> <span class='ocrx_word' id='word_1_97' title='bbox 734 1456 824 1530; x_wconf 89' lang='lat'>1887,</span> <span class='ocrx_word' id='word_1_98' title='bbox 841 1449 960 1528; x_wconf 89' lang='lat' dir='ltr'>statuit</span> <span class='ocrx_word' id='word_1_99' title='bbox 983 1449 1019 1512; x_wconf 89' lang='lat' dir='ltr'>S.</span> <span class='ocrx_word' id='word_1_100' title='bbox 1036 1446 1192 1512; x_wconf 84' lang='lat' dir='ltr'>Pontifex</span> <span class='ocrx_word' id='word_1_101' title='bbox 1245 1430 1405 1535; x_wconf 43' lang='lat' dir='ltr'>,mplssa‘jf</span> 
     </span>
     <span class='ocr_line' id='line_1_14' title="bbox 101 1530 1311 1618; baseline -0.002 -22"><span class='ocrx_word' id='word_1_102' title='bbox 101 1535 209 1618; x_wconf 85' lang='lat' dir='ltr'>ipsum</span> <span class='ocrx_word' id='word_1_103' title='bbox 225 1535 258 1596; x_wconf 92' lang='lat' dir='ltr'>in</span> <span class='ocrx_word' id='word_1_104' title='bbox 274 1541 447 1616; x_wconf 89' lang='lat' dir='ltr'>posterum</span> <span class='ocrx_word' id='word_1_105' title='bbox 464 1554 537 1596; x_wconf 87' lang='lat' dir='ltr'>esse</span> <span class='ocrx_word' id='word_1_106' title='bbox 561 1535 744 1616; x_wconf 91' lang='lat' dir='ltr'>separatim</span> <span class='ocrx_word' id='word_1_107' title='bbox 759 1532 1021 1616; x_wconf 87' lang='lat' dir='ltr'>benedicendum</span> <span class='ocrx_word' id='word_1_108' title='bbox 1037 1530 1190 1612; x_wconf 79' lang='lat' dir='ltr'>etimpo·</span> <span class='ocrx_word' id='word_1_109' title='bbox 1210 1595 1213 1602; x_wconf 20' lang='grc' dir='ltr'><strong><em>Δ</em></strong></span> <span class='ocrx_word' id='word_1_110' title='bbox 1245 1546 1311 1594; x_wconf 78' lang='lat' dir='ltr'>mezo.</span> 
     </span>
     <span class='ocr_line' id='line_1_15' title="bbox 101 1611 1392 1698; baseline -0.002 -20"><span class='ocrx_word' id='word_1_111' title='bbox 101 1617 259 1679; x_wconf 91' lang='lat' dir='ltr'>nendum.</span> <span class='ocrx_word' id='word_1_112' title='bbox 286 1617 382 1679; x_wconf 84' lang='lat' dir='ltr'>Licet</span> <span class='ocrx_word' id='word_1_113' title='bbox 402 1625 515 1678; x_wconf 89' lang='lat' dir='ltr'>tamen</span> <span class='ocrx_word' id='word_1_114' title='bbox 537 1619 713 1698; x_wconf 87' lang='lat' dir='ltr'>scapulare</span> <span class='ocrx_word' id='word_1_115' title='bbox 729 1617 818 1679; x_wconf 91' lang='lat' dir='ltr'>istud</span> <span class='ocrx_word' id='word_1_116' title='bbox 836 1617 906 1697; x_wconf 87' lang='lat' dir='ltr'>jam</span> <span class='ocrx_word' id='word_1_117' title='bbox 931 1613 1095 1676; x_wconf 90' lang='lat' dir='ltr'>cumaliis</span> <span class='ocrx_word' id='word_1_118' title='bbox 1111 1631 1190 1690; x_wconf 86' lang='lat' dir='ltr'>con·</span> <span class='ocrx_word' id='word_1_119' title='bbox 1275 1611 1337 1696; x_wconf 69' lang='lat' dir='ltr'>Ejis</span> <span class='ocrx_word' id='word_1_120' title='bbox 1360 1631 1392 1676; x_wconf 78' lang='lat' dir='ltr'>on</span> 
     </span>
     <span class='ocr_line' id='line_1_16' title="bbox 99 1692 1370 1792; baseline -0.003 -32"><span class='ocrx_word' id='word_1_121' title='bbox 99 1701 257 1790; x_wconf 86' lang='lat' dir='ltr'>junctum</span> <span class='ocrx_word' id='word_1_122' title='bbox 280 1698 478 1760; x_wconf 86' lang='lat' dir='ltr'>benedicere</span> <span class='ocrx_word' id='word_1_123' title='bbox 495 1707 528 1760; x_wconf 89' lang='lat' dir='ltr'>et</span> <span class='ocrx_word' id='word_1_124' title='bbox 543 1699 726 1780; x_wconf 88' lang='lat' dir='ltr'>imponere,</span> <span class='ocrx_word' id='word_1_125' title='bbox 743 1698 854 1776; x_wconf 91' lang='lat' dir='ltr'>mod0,</span> <span class='ocrx_word' id='word_1_126' title='bbox 872 1695 1031 1778; x_wconf 87' lang='lat' dir='ltr'>peculiari</span> <span class='ocrx_word' id='word_1_127' title='bbox 1047 1696 1192 1758; x_wconf 91' lang='lat' dir='ltr'>formula</span> <span class='ocrx_word' id='word_1_128' title='bbox 1211 1737 1214 1746; x_wconf 72' lang='lat'>‚</span> <span class='ocrx_word' id='word_1_129' title='bbox 1244 1692 1370 1792; x_wconf 40' lang='lat' dir='ltr'>&amp;2222ssss</span> 
     </span>
     <span class='ocr_line' id='line_1_17' title="bbox 101 1776 1380 1862; baseline -0.002 -19"><span class='ocrx_word' id='word_1_130' title='bbox 101 1801 195 1854; x_wconf 77' lang='lat' dir='ltr'>usuS,</span> <span class='ocrx_word' id='word_1_131' title='bbox 214 1781 405 1843; x_wconf 77' lang='lat' dir='ltr'>distinctam</span> <span class='ocrx_word' id='word_1_132' title='bbox 429 1782 614 1862; x_wconf 90' lang='lat' dir='ltr'>scapularis</span> <span class='ocrx_word' id='word_1_133' title='bbox 637 1782 678 1844; x_wconf 91' lang='grc' dir='ltr'>Β.</span> <span class='ocrx_word' id='word_1_134' title='bbox 704 1781 748 1844; x_wconf 89' lang='lat' dir='ltr'>M.</span> <span class='ocrx_word' id='word_1_135' title='bbox 774 1781 815 1842; x_wconf 89' lang='lat' dir='ltr'>V.</span> <span class='ocrx_word' id='word_1_136' title='bbox 835 1778 882 1841; x_wconf 91' lang='lat' dir='ltr'>de</span> <span class='ocrx_word' id='word_1_137' title='bbox 905 1781 1020 1842; x_wconf 89' lang='lat' dir='ltr'>Monte</span> <span class='ocrx_word' id='word_1_138' title='bbox 1035 1776 1191 1856; x_wconf 87' lang='lat' dir='ltr'>Carmelo</span> <span class='ocrx_word' id='word_1_139' title='bbox 1372 1779 1380 1794; x_wconf 80' lang='lat'>&#39;</span> 
     </span>
    </p>
   </div>
   <div class='ocr_carea' id='block_1_4' title="bbox 102 1853 1189 1944">
    <p class='ocr_par' dir='ltr' id='par_1_5' title="bbox 102 1853 1189 1944">
     <span class='ocr_line' id='line_1_18' title="bbox 102 1853 1189 1944; baseline -0.003 -18"><span class='ocrx_word' id='word_1_140' title='bbox 102 1861 206 1926; x_wconf 87' lang='lat' dir='ltr'>facias</span> <span class='ocrx_word' id='word_1_141' title='bbox 222 1861 455 1926; x_wconf 79' lang='lat' dir='ltr'>benedictionem</span> <span class='ocrx_word' id='word_1_142' title='bbox 470 1869 498 1924; x_wconf 78' lang='lat' dir='ltr'>et</span> <span class='ocrx_word' id='word_1_143' title='bbox 511 1862 745 1944; x_wconf 72' lang='lat' dir='ltr'>impositionem.</span> <span class='ocrx_word' id='word_1_144' title='bbox 763 1863 798 1925; x_wconf 92' lang='lat' dir='ltr'>S.</span> <span class='ocrx_word' id='word_1_145' title='bbox 817 1861 856 1924; x_wconf 92' lang='lat' dir='ltr'>C.</span> <span class='ocrx_word' id='word_1_146' title='bbox 873 1853 1004 1942; x_wconf 87' lang='lat' dir='ltr'>Indulg.</span> <span class='ocrx_word' id='word_1_147' title='bbox 1031 1881 1064 1936; x_wconf 83' lang='lat' dir='ltr'>rr</span> <span class='ocrx_word' id='word_1_148' title='bbox 1090 1870 1189 1924; x_wconf 92' lang='lat' dir='ltr'>mart.</span> 
     </span>
    </p>
   </div>
   <div class='ocr_carea' id='block_1_5' title="bbox 103 2025 1419 4081">
    <p class='ocr_par' dir='ltr' id='par_1_6' title="bbox 105 2025 1419 2274">
     <span class='ocr_line' id='line_1_19' title="bbox 146 2025 1419 2114; baseline -0.006 -24"><span class='ocrx_word' id='word_1_149' title='bbox 146 2029 271 2091; x_wconf 92' lang='lat' dir='ltr'>Notum</span> <span class='ocrx_word' id='word_1_150' title='bbox 287 2034 338 2088; x_wconf 89' lang='lat' dir='ltr'>est</span> <span class='ocrx_word' id='word_1_151' title='bbox 354 2028 523 2110; x_wconf 86' lang='lat' dir='ltr'>scapulari</span> <span class='ocrx_word' id='word_1_152' title='bbox 539 2027 605 2105; x_wconf 91' lang='lat' dir='ltr'>isti,</span> <span class='ocrx_word' id='word_1_153' title='bbox 623 2034 661 2089; x_wconf 93' lang='lat' dir='ltr'>ut</span> <span class='ocrx_word' id='word_1_154' title='bbox 676 2027 728 2110; x_wconf 92' lang='lat' dir='ltr'>pie</span> <span class='ocrx_word' id='word_1_155' title='bbox 744 2025 894 2089; x_wconf 90' lang='lat' dir='ltr'>fidelibus</span> <span class='ocrx_word' id='word_1_156' title='bbox 910 2032 962 2086; x_wconf 92' lang='lat' dir='ltr'>est</span> <span class='ocrx_word' id='word_1_157' title='bbox 978 2043 1189 2106; x_wconf 89' lang='lat' dir='ltr'>persuasum,</span> <span class='ocrx_word' id='word_1_158' title='bbox 1271 2055 1419 2114; x_wconf 49' lang='lat' dir='ltr'>1&gt;„·„,·2,g,·„¹</span> 
     </span>
     <span class='ocr_line' id='line_1_20' title="bbox 105 2105 1359 2192; baseline -0.006 -20"><span class='ocrx_word' id='word_1_159' title='bbox 105 2109 261 2192; x_wconf 83' lang='lat' dir='ltr'>conjungi</span> <span class='ocrx_word' id='word_1_160' title='bbox 289 2109 410 2190; x_wconf 89' lang='lat' dir='ltr'>duplex</span> <span class='ocrx_word' id='word_1_161' title='bbox 436 2109 667 2190; x_wconf 87' lang='lat' dir='ltr'>privilegium:</span> <span class='ocrx_word' id='word_1_162' title='bbox 692 2111 847 2187; x_wconf 84' lang='lat' dir='ltr'>alterum,</span> <span class='ocrx_word' id='word_1_163' title='bbox 877 2107 971 2168; x_wconf 76' lang='lat' dir='ltr'>bonae</span> <span class='ocrx_word' id='word_1_164' title='bbox 996 2105 1115 2184; x_wconf 75' lang='lat' dir='ltr'>mortis,</span> <span class='ocrx_word' id='word_1_165' title='bbox 1150 2106 1191 2167; x_wconf 90' lang='lat' dir='ltr'>ad</span> <span class='ocrx_word' id='word_1_166' title='bbox 1248 2119 1359 2160; x_wconf 71' lang='lat' dir='ltr'>etenira.</span> 
     </span>
     <span class='ocr_line' id='line_1_21' title="bbox 106 2189 1192 2274; baseline -0.006 -20"><span class='ocrx_word' id='word_1_167' title='bbox 106 2194 195 2272; x_wconf 91' lang='lat' dir='ltr'>quod</span> <span class='ocrx_word' id='word_1_168' title='bbox 212 2193 294 2255; x_wconf 89' lang='lat' dir='ltr'>satis</span> <span class='ocrx_word' id='word_1_169' title='bbox 310 2202 362 2253; x_wconf 91' lang='lat' dir='ltr'>est</span> <span class='ocrx_word' id='word_1_170' title='bbox 384 2192 560 2274; x_wconf 86' lang='lat' dir='ltr'>scapulare</span> <span class='ocrx_word' id='word_1_171' title='bbox 584 2193 684 2270; x_wconf 89' lang='lat' dir='ltr'>istud,</span> <span class='ocrx_word' id='word_1_172' title='bbox 702 2192 765 2254; x_wconf 88' lang='lat' dir='ltr'>rite</span> <span class='ocrx_word' id='word_1_173' title='bbox 787 2190 990 2270; x_wconf 91' lang='lat' dir='ltr'>impositum,</span> <span class='ocrx_word' id='word_1_174' title='bbox 1008 2189 1060 2272; x_wconf 92' lang='lat' dir='ltr'>pie</span> <span class='ocrx_word' id='word_1_175' title='bbox 1075 2206 1192 2268; x_wconf 85' lang='lat' dir='ltr'>gerere</span> 
     </span>
    </p>

    <p class='ocr_par' dir='ltr' id='par_1_7' title="bbox 107 2271 1192 2353">
     <span class='ocr_line' id='line_1_22' title="bbox 107 2271 1192 2353; baseline -0.006 -16"><span class='ocrx_word' id='word_1_176' title='bbox 107 2277 140 2338; x_wconf 91' lang='lat' dir='ltr'>in</span> <span class='ocrx_word' id='word_1_177' title='bbox 159 2273 315 2336; x_wconf 63' lang='lat' dir='ltr'>‘articulo</span> <span class='ocrx_word' id='word_1_178' title='bbox 345 2275 479 2351; x_wconf 74' lang='lat' dir='ltr'>mortis,</span> <span class='ocrx_word' id='word_1_179' title='bbox 511 2277 666 2353; x_wconf 90' lang='lat' dir='ltr'>alterum,</span> <span class='ocrx_word' id='word_1_180' title='bbox 691 2272 905 2349; x_wconf 78' lang='lat' dir='ltr'>Sabbatinum,</span> <span class='ocrx_word' id='word_1_181' title='bbox 938 2291 997 2333; x_wconf 92' lang='lat' dir='ltr'>seu</span> <span class='ocrx_word' id='word_1_182' title='bbox 1027 2271 1060 2332; x_wconf 93' lang='lat' dir='ltr'>in</span> <span class='ocrx_word' id='word_1_183' title='bbox 1092 2273 1192 2331; x_wconf 89' lang='lat' dir='ltr'>breve</span> 
     </span>
    </p>

    <p class='ocr_par' dir='ltr' id='par_1_8' title="bbox 105 2355 1193 2438">
     <span class='ocr_line' id='line_1_23' title="bbox 105 2355 1193 2438; baseline -0.005 -20"><span class='ocrx_word' id='word_1_184' title='bbox 105 2368 237 2437; x_wconf 88' lang='lat' dir='ltr'>tempus</span> <span class='ocrx_word' id='word_1_185' title='bbox 260 2356 426 2418; x_wconf 88' lang='lat' dir='ltr'>contracti</span> <span class='ocrx_word' id='word_1_186' title='bbox 449 2358 648 2438; x_wconf 81' lang='lat' dir='ltr'>purgatorii,</span> <span class='ocrx_word' id='word_1_187' title='bbox 677 2355 765 2436; x_wconf 93' lang='lat' dir='ltr'>quod</span> <span class='ocrx_word' id='word_1_188' title='bbox 791 2356 940 2436; x_wconf 90' lang='lat' dir='ltr'>postulat</span> <span class='ocrx_word' id='word_1_189' title='bbox 957 2362 1135 2436; x_wconf 86' lang='lat' dir='ltr'>praetcrea</span> <span class='ocrx_word' id='word_1_190' title='bbox 1156 2359 1193 2413; x_wconf 93' lang='lat' dir='ltr'>ut</span> 
     </span>
    </p>

    <p class='ocr_par' dir='ltr' id='par_1_9' title="bbox 104 2434 1194 2521">
     <span class='ocr_line' id='line_1_24' title="bbox 104 2434 1194 2521; baseline -0.005 -20"><span class='ocrx_word' id='word_1_191' title='bbox 104 2443 236 2501; x_wconf 90' lang='lat' dir='ltr'>colatur</span> <span class='ocrx_word' id='word_1_192' title='bbox 258 2439 396 2500; x_wconf 89' lang='lat' dir='ltr'>castitas</span> <span class='ocrx_word' id='word_1_193' title='bbox 424 2446 534 2501; x_wconf 89' lang='lat' dir='ltr'>status</span> <span class='ocrx_word' id='word_1_194' title='bbox 561 2439 594 2500; x_wconf 92' lang='lat' dir='ltr'>in</span> <span class='ocrx_word' id='word_1_195' title='bbox 621 2459 687 2521; x_wconf 94' lang='lat' dir='ltr'>quo</span> <span class='ocrx_word' id='word_1_196' title='bbox 715 2439 854 2518; x_wconf 91' lang='lat' dir='ltr'>quisque</span> <span class='ocrx_word' id='word_1_197' title='bbox 870 2444 1036 2512; x_wconf 86' lang='lat' dir='ltr'>versetur,</span> <span class='ocrx_word' id='word_1_198' title='bbox 1061 2441 1105 2510; x_wconf 91' lang='lat' dir='ltr'>et,</span> <span class='ocrx_word' id='word_1_199' title='bbox 1131 2434 1194 2496; x_wconf 92' lang='lat' dir='ltr'>nisi</span> 
     </span>
    </p>

    <p class='ocr_par' dir='ltr' id='par_1_10' title="bbox 103 2517 1191 2603">
     <span class='ocr_line' id='line_1_25' title="bbox 103 2517 1191 2603; baseline -0.005 -19"><span class='ocrx_word' id='word_1_200' title='bbox 103 2523 240 2602; x_wconf 88' lang='lat' dir='ltr'>obligati</span> <span class='ocrx_word' id='word_1_201' title='bbox 251 2522 323 2603; x_wconf 83' lang='lat' dir='ltr'>jam</span> <span class='ocrx_word' id='word_1_202' title='bbox 340 2521 406 2583; x_wconf 91' lang='lat' dir='ltr'>sint</span> <span class='ocrx_word' id='word_1_203' title='bbox 422 2523 553 2585; x_wconf 90' lang='lat' dir='ltr'>sodales</span> <span class='ocrx_word' id='word_1_204' title='bbox 570 2522 611 2583; x_wconf 91' lang='lat' dir='ltr'>ad</span> <span class='ocrx_word' id='word_1_205' title='bbox 629 2541 787 2602; x_wconf 86' lang='lat' dir='ltr'>magnum</span> <span class='ocrx_word' id='word_1_206' title='bbox 801 2521 854 2581; x_wconf 84' lang='lat' dir='ltr'>vel</span> <span class='ocrx_word' id='word_1_207' title='bbox 865 2538 1009 2601; x_wconf 88' lang='lat' dir='ltr'>parvum</span> <span class='ocrx_word' id='word_1_208' title='bbox 1026 2517 1191 2594; x_wconf 90' lang='lat' dir='ltr'>Officium,</span> 
     </span>
    </p>

    <p class='ocr_par' dir='ltr' id='par_1_11' title="bbox 106 2602 1000 2687">
     <span class='ocr_line' id='line_1_26' title="bbox 106 2602 1000 2687; baseline 0.001 -21"><span class='ocrx_word' id='word_1_209' title='bbox 106 2603 248 2666; x_wconf 88' lang='lat' dir='ltr'>recitent</span> <span class='ocrx_word' id='word_1_210' title='bbox 265 2605 411 2684; x_wconf 81' lang='lat' dir='ltr'>quotidie</span> <span class='ocrx_word' id='word_1_211' title='bbox 428 2625 572 2687; x_wconf 86' lang='lat' dir='ltr'>parvum</span> <span class='ocrx_word' id='word_1_212' title='bbox 589 2605 742 2668; x_wconf 90' lang='lat' dir='ltr'>Officium</span> <span class='ocrx_word' id='word_1_213' title='bbox 758 2603 799 2666; x_wconf 92' lang='lat' dir='ltr'>B.</span> <span class='ocrx_word' id='word_1_214' title='bbox 816 2603 862 2667; x_wconf 92' lang='lat' dir='ltr'>M.</span> <span class='ocrx_word' id='word_1_215' title='bbox 879 2602 922 2664; x_wconf 91' lang='lat' dir='ltr'>V.</span> <span class='ocrx_word' id='word_1_216' title='bbox 999 2661 1000 2667; x_wconf 74' lang='grc'>,</span> 
     </span>
    </p>

    <p class='ocr_par' dir='ltr' id='par_1_12' title="bbox 103 2682 1195 2994">
     <span class='ocr_line' id='line_1_27' title="bbox 144 2682 1195 2769; baseline -0.005 -21"><span class='ocrx_word' id='word_1_217' title='bbox 144 2685 306 2749; x_wconf 80' lang='lat' dir='ltr'>Iliitorotis</span> <span class='ocrx_word' id='word_1_218' title='bbox 341 2689 574 2769; x_wconf 89' lang='lat' dir='ltr'>imponuntur,</span> <span class='ocrx_word' id='word_1_219' title='bbox 602 2691 677 2750; x_wconf 90' lang='lat' dir='ltr'>loco</span> <span class='ocrx_word' id='word_1_220' title='bbox 706 2686 802 2768; x_wconf 91' lang='lat' dir='ltr'>parvi</span> <span class='ocrx_word' id='word_1_221' title='bbox 832 2684 951 2762; x_wconf 91' lang='lat' dir='ltr'>Officii,</span> <span class='ocrx_word' id='word_1_222' title='bbox 983 2682 1195 2746; x_wconf 87' lang='lat' dir='ltr'>observanda</span> 
     </span>
     <span class='ocr_line' id='line_1_28' title="bbox 105 2765 1194 2850; baseline -0.004 -20"><span class='ocrx_word' id='word_1_223' title='bbox 105 2771 294 2831; x_wconf 88' lang='lat' dir='ltr'>communia</span> <span class='ocrx_word' id='word_1_224' title='bbox 321 2769 448 2850; x_wconf 82' lang='lat' dir='ltr'>jejunia</span> <span class='ocrx_word' id='word_1_225' title='bbox 483 2771 659 2832; x_wconf 86' lang='lat' dir='ltr'>Ecclesiae</span> <span class='ocrx_word' id='word_1_226' title='bbox 688 2779 721 2831; x_wconf 94' lang='lat' dir='ltr'>et</span> <span class='ocrx_word' id='word_1_227' title='bbox 752 2769 955 2834; x_wconf 87' lang='lat' dir='ltr'>abstinentia</span> <span class='ocrx_word' id='word_1_228' title='bbox 985 2788 1005 2828; x_wconf 92' lang='lat' dir='ltr'>a</span> <span class='ocrx_word' id='word_1_229' title='bbox 1032 2765 1194 2828; x_wconf 89' lang='lat' dir='ltr'>carnibus</span> 
     </span>
     <span class='ocr_line' id='line_1_29' title="bbox 103 2848 1194 2931; baseline -0.004 -18"><span class='ocrx_word' id='word_1_230' title='bbox 103 2851 188 2914; x_wconf 89' lang='lat' dir='ltr'>feria</span> <span class='ocrx_word' id='word_1_231' title='bbox 211 2867 246 2911; x_wconf 90' lang='lat' dir='ltr'>1v</span> <span class='ocrx_word' id='word_1_232' title='bbox 269 2860 303 2910; x_wconf 91' lang='lat' dir='ltr'>et</span> <span class='ocrx_word' id='word_1_233' title='bbox 319 2851 480 2928; x_wconf 89' lang='lat' dir='ltr'>Sabbat0,</span> <span class='ocrx_word' id='word_1_234' title='bbox 509 2851 648 2931; x_wconf 84' lang='lat' dir='ltr'>singulis</span> <span class='ocrx_word' id='word_1_235' title='bbox 666 2851 894 2930; x_wconf 87' lang='lat' dir='ltr'>hebdomadis,</span> <span class='ocrx_word' id='word_1_236' title='bbox 923 2851 950 2910; x_wconf 94' lang='lat' dir='ltr'>si</span> <span class='ocrx_word' id='word_1_237' title='bbox 978 2851 1092 2911; x_wconf 92' lang='lat' dir='ltr'>demas</span> <span class='ocrx_word' id='word_1_238' title='bbox 1108 2848 1194 2910; x_wconf 92' lang='lat' dir='ltr'>diem</span> 
     </span>
     <span class='ocr_line' id='line_1_30' title="bbox 105 2931 463 2994; baseline -0.006 0"><span class='ocrx_word' id='word_1_239' title='bbox 105 2932 242 2994; x_wconf 90' lang='lat' dir='ltr'>Domini</span> <span class='ocrx_word' id='word_1_240' title='bbox 260 2931 463 2992; x_wconf 87' lang='lat' dir='ltr'>natalitium.</span> 
     </span>
    </p>

    <p class='ocr_par' dir='ltr' id='par_1_13' title="bbox 105 3012 1407 3489">
     <span class='ocr_line' id='line_1_31' title="bbox 146 3012 1407 3096; baseline -0.001 -23"><span class='ocrx_word' id='word_1_241' title='bbox 146 3013 212 3074; x_wconf 92' lang='lat' dir='ltr'>Per</span> <span class='ocrx_word' id='word_1_242' title='bbox 234 3031 281 3088; x_wconf 91' lang='lat' dir='ltr'>se,</span> <span class='ocrx_word' id='word_1_243' title='bbox 299 3013 341 3072; x_wconf 90' lang='lat' dir='ltr'>ad</span> <span class='ocrx_word' id='word_1_244' title='bbox 364 3015 572 3094; x_wconf 87' lang='lat' dir='ltr'>praescripta</span> <span class='ocrx_word' id='word_1_245' title='bbox 597 3013 662 3075; x_wconf 92' lang='lat' dir='ltr'>ista</span> <span class='ocrx_word' id='word_1_246' title='bbox 684 3033 788 3096; x_wconf 88' lang='lat' dir='ltr'>opera</span> <span class='ocrx_word' id='word_1_247' title='bbox 811 3013 844 3074; x_wconf 91' lang='lat' dir='ltr'>in</span> <span class='ocrx_word' id='word_1_248' title='bbox 861 3014 926 3075; x_wconf 91' lang='lat' dir='ltr'>alia</span> <span class='ocrx_word' id='word_1_249' title='bbox 943 3012 1192 3088; x_wconf 88' lang='lat' dir='ltr'>commutanda,</span> <span class='ocrx_word' id='word_1_250' title='bbox 1274 3029 1407 3074; x_wconf 48' lang='lat' dir='ltr'>commuto.</span> 
     </span>
     <span class='ocr_line' id='line_1_32' title="bbox 106 3088 1395 3175; baseline -0.002 -19"><span class='ocrx_word' id='word_1_251' title='bbox 106 3093 243 3175; x_wconf 87' lang='lat' dir='ltr'>speciali</span> <span class='ocrx_word' id='word_1_252' title='bbox 269 3113 353 3174; x_wconf 90' lang='lat' dir='ltr'>opus</span> <span class='ocrx_word' id='word_1_253' title='bbox 376 3102 428 3155; x_wconf 90' lang='lat' dir='ltr'>est</span> <span class='ocrx_word' id='word_1_254' title='bbox 450 3094 622 3169; x_wconf 87' lang='lat' dir='ltr'>facultate,</span> <span class='ocrx_word' id='word_1_255' title='bbox 649 3114 734 3174; x_wconf 92' lang='lat' dir='ltr'>quae</span> <span class='ocrx_word' id='word_1_256' title='bbox 761 3105 874 3157; x_wconf 88' lang='lat' dir='ltr'>tamen</span> <span class='ocrx_word' id='word_1_257' title='bbox 896 3094 1097 3174; x_wconf 88' lang='lat' dir='ltr'>regulariter</span> <span class='ocrx_word' id='word_1_258' title='bbox 1119 3113 1195 3154; x_wconf 92' lang='lat' dir='ltr'>cum</span> <span class='ocrx_word' id='word_1_259' title='bbox 1251 3088 1395 3144; x_wconf 72' lang='lat' dir='ltr'>troopiiom.</span> 
     </span>
     <span class='ocr_line' id='line_1_33' title="bbox 105 3175 1195 3259; baseline -0.002 -21"><span class='ocrx_word' id='word_1_260' title='bbox 105 3178 177 3258; x_wconf 92' lang='lat' dir='ltr'>ipsa</span> <span class='ocrx_word' id='word_1_261' title='bbox 203 3175 358 3239; x_wconf 89' lang='lat' dir='ltr'>induendi</span> <span class='ocrx_word' id='word_1_262' title='bbox 384 3183 553 3259; x_wconf 90' lang='lat' dir='ltr'>potestate</span> <span class='ocrx_word' id='word_1_263' title='bbox 580 3178 678 3240; x_wconf 91' lang='lat' dir='ltr'>hodie</span> <span class='ocrx_word' id='word_1_264' title='bbox 710 3177 847 3240; x_wconf 90' lang='lat' dir='ltr'>concedi</span> <span class='ocrx_word' id='word_1_265' title='bbox 875 3177 1062 3238; x_wconf 88' lang='lat' dir='ltr'>consuevit.</span> <span class='ocrx_word' id='word_1_266' title='bbox 1089 3175 1195 3236; x_wconf 91' lang='lat' dir='ltr'>Immo</span> 
     </span>
     <span class='ocr_line' id='line_1_34' title="bbox 106 3257 1195 3343; baseline -0.003 -23"><span class='ocrx_word' id='word_1_267' title='bbox 106 3257 234 3320; x_wconf 90' lang='lat' dir='ltr'>recenti</span> <span class='ocrx_word' id='word_1_268' title='bbox 250 3259 386 3321; x_wconf 89' lang='lat' dir='ltr'>decreto</span> <span class='ocrx_word' id='word_1_269' title='bbox 411 3259 473 3322; x_wconf 88' lang='lat' dir='ltr'>SS.</span> <span class='ocrx_word' id='word_1_270' title='bbox 501 3260 657 3340; x_wconf 58' lang='lat' dir='ltr'>Indulg,</span> <span class='ocrx_word' id='word_1_271' title='bbox 676 3283 712 3342; x_wconf 88' lang='lat'>14</span> <span class='ocrx_word' id='word_1_272' title='bbox 730 3261 805 3343; x_wconf 88' lang='lat' dir='ltr'>jun.</span> <span class='ocrx_word' id='word_1_273' title='bbox 832 3281 921 3339; x_wconf 86' lang='lat'>1901,</span> <span class='ocrx_word' id='word_1_274' title='bbox 939 3258 1093 3320; x_wconf 92' lang='lat' dir='ltr'>omnibus</span> <span class='ocrx_word' id='word_1_275' title='bbox 1117 3275 1195 3317; x_wconf 91' lang='lat' dir='ltr'>con-</span> 
     </span>
     <span class='ocr_line' id='line_1_35' title="bbox 105 3339 1297 3423; baseline -0.003 -19"><span class='ocrx_word' id='word_1_276' title='bbox 105 3341 254 3404; x_wconf 87' lang='lat' dir='ltr'>fessariis</span> <span class='ocrx_word' id='word_1_277' title='bbox 270 3341 361 3403; x_wconf 90' lang='lat' dir='ltr'>facta</span> <span class='ocrx_word' id='word_1_278' title='bbox 378 3352 429 3402; x_wconf 91' lang='lat' dir='ltr'>est</span> <span class='ocrx_word' id='word_1_279' title='bbox 445 3342 589 3404; x_wconf 89' lang='lat' dir='ltr'>facultas</span> <span class='ocrx_word' id='word_1_280' title='bbox 606 3341 833 3405; x_wconf 89' lang='lat' dir='ltr'>commutandi</span> <span class='ocrx_word' id='word_1_281' title='bbox 848 3341 987 3423; x_wconf 81' lang='lat' dir='ltr'>singulis</span> <span class='ocrx_word' id='word_1_282' title='bbox 1004 3339 1195 3423; x_wconf 90' lang='lat' dir='ltr'>petentibus</span> <span class='ocrx_word' id='word_1_283' title='bbox 1294 3410 1297 3416; x_wconf 25' lang='lat'>¹</span> 
     </span>
     <span class='ocr_line' id='line_1_36' title="bbox 105 3419 735 3489; baseline 0.003 -3"><span class='ocrx_word' id='word_1_284' title='bbox 105 3423 322 3486; x_wconf 80' lang='lat' dir='ltr'>abstinentiam</span> <span class='ocrx_word' id='word_1_285' title='bbox 338 3425 441 3486; x_wconf 90' lang='lat' dir='ltr'>feriae</span> <span class='ocrx_word' id='word_1_286' title='bbox 456 3442 491 3487; x_wconf 91' lang='lat' dir='ltr'>1v</span> <span class='ocrx_word' id='word_1_287' title='bbox 507 3433 540 3486; x_wconf 95' lang='lat' dir='ltr'>et</span> <span class='ocrx_word' id='word_1_288' title='bbox 557 3425 696 3487; x_wconf 88' lang='lat' dir='ltr'>Sabbati</span> <span class='ocrx_word' id='word_1_289' title='bbox 713 3419 735 3489; x_wconf 74' lang='lat'>¹.</span> 
     </span>
    </p>

    <p class='ocr_par' dir='ltr' id='par_1_14' title="bbox 106 3506 1411 3919">
     <span class='ocr_line' id='line_1_37' title="bbox 148 3506 1406 3589; baseline -0.004 -18"><span class='ocrx_word' id='word_1_290' title='bbox 148 3509 235 3571; x_wconf 79' lang='lat'><strong>562.</strong></span> <span class='ocrx_word' id='word_1_291' title='bbox 259 3507 308 3568; x_wconf 79' lang='lat' dir='ltr'>De</span> <span class='ocrx_word' id='word_1_292' title='bbox 330 3506 575 3589; x_wconf 79' lang='lat' dir='ltr'>Congregotiooe</span> <span class='ocrx_word' id='word_1_293' title='bbox 598 3508 704 3570; x_wconf 78' lang='lat' dir='ltr'>Bonae</span> <span class='ocrx_word' id='word_1_294' title='bbox 729 3507 852 3570; x_wconf 86' lang='lat' dir='ltr'>Mortis.</span> <span class='ocrx_word' id='word_1_295' title='bbox 884 3531 911 3570; x_wconf 92' lang='lat'>1.</span> <span class='ocrx_word' id='word_1_296' title='bbox 939 3507 1002 3568; x_wconf 92' lang='lat' dir='ltr'>Est</span> <span class='ocrx_word' id='word_1_297' title='bbox 1028 3524 1110 3566; x_wconf 89' lang='lat' dir='ltr'>vera</span> <span class='ocrx_word' id='word_1_298' title='bbox 1137 3507 1195 3568; x_wconf 89' lang='lat' dir='ltr'>sed</span> <span class='ocrx_word' id='word_1_299' title='bbox 1276 3533 1406 3578; x_wconf 64' lang='lat' dir='ltr'>sonorio-</span> 
     </span>
     <span class='ocr_line' id='line_1_38' title="bbox 106 3567 1411 3670; baseline -0.002 -20"><span class='ocrx_word' id='word_1_300' title='bbox 106 3589 216 3650; x_wconf 92' lang='lat' dir='ltr'>minus</span> <span class='ocrx_word' id='word_1_301' title='bbox 232 3589 349 3652; x_wconf 90' lang='lat' dir='ltr'>stricte</span> <span class='ocrx_word' id='word_1_302' title='bbox 373 3589 462 3651; x_wconf 91' lang='lat' dir='ltr'>dicta</span> <span class='ocrx_word' id='word_1_303' title='bbox 476 3589 758 3664; x_wconf 76' lang='lat' dir='ltr'>ConfraternitaS‚</span> <span class='ocrx_word' id='word_1_304' title='bbox 785 3589 832 3651; x_wconf 91' lang='lat' dir='ltr'>ita</span> <span class='ocrx_word' id='word_1_305' title='bbox 853 3597 902 3668; x_wconf 93' lang='lat' dir='ltr'>ut,</span> <span class='ocrx_word' id='word_1_306' title='bbox 919 3587 1082 3654; x_wconf 89' lang='lat' dir='ltr'>beneficio</span> <span class='ocrx_word' id='word_1_307' title='bbox 1105 3607 1192 3670; x_wconf 92' lang='lat' dir='ltr'>resp.</span> <span class='ocrx_word' id='word_1_308' title='bbox 1249 3567 1411 3658; x_wconf 60' lang='lat' dir='ltr'>asarmot..</span> 
     </span>
     <span class='ocr_line' id='line_1_39' title="bbox 106 3648 1341 3755; baseline -0.001 -21"><span class='ocrx_word' id='word_1_309' title='bbox 106 3690 143 3751; x_wconf 84' lang='lat'>25</span> <span class='ocrx_word' id='word_1_310' title='bbox 162 3691 240 3752; x_wconf 83' lang='lat' dir='ltr'>aug.</span> <span class='ocrx_word' id='word_1_311' title='bbox 261 3678 350 3752; x_wconf 88' lang='lat'>1897,</span> <span class='ocrx_word' id='word_1_312' title='bbox 368 3671 400 3732; x_wconf 92' lang='lat' dir='ltr'>in</span> <span class='ocrx_word' id='word_1_313' title='bbox 417 3673 566 3734; x_wconf 88' lang='lat' dir='ltr'>ecclesiis</span> <span class='ocrx_word' id='word_1_314' title='bbox 580 3673 760 3734; x_wconf 90' lang='lat' dir='ltr'>Societatis</span> <span class='ocrx_word' id='word_1_315' title='bbox 774 3673 855 3755; x_wconf 88' lang='lat' dir='ltr'>Jesu</span> <span class='ocrx_word' id='word_1_316' title='bbox 869 3671 1023 3754; x_wconf 88' lang='lat' dir='ltr'>specialis</span> <span class='ocrx_word' id='word_1_317' title='bbox 1037 3670 1196 3752; x_wconf 89' lang='lat' dir='ltr'>Episcopi</span> <span class='ocrx_word' id='word_1_318' title='bbox 1250 3648 1341 3695; x_wconf 72' lang='lat' dir='ltr'><em>M⁰&#39;²²⁸</em></span> 
     </span>
     <span class='ocr_line' id='line_1_40' title="bbox 106 3753 1387 3835; baseline -0.005 -19"><span class='ocrx_word' id='word_1_319' title='bbox 106 3773 292 3816; x_wconf 83' lang='lat' dir='ltr'>consensus</span> <span class='ocrx_word' id='word_1_320' title='bbox 320 3755 363 3815; x_wconf 89' lang='lat' dir='ltr'>ad</span> <span class='ocrx_word' id='word_1_321' title='bbox 386 3753 569 3835; x_wconf 87' lang='lat' dir='ltr'>legitimam</span> <span class='ocrx_word' id='word_1_322' title='bbox 593 3755 795 3816; x_wconf 91' lang='lat' dir='ltr'>erectionem</span> <span class='ocrx_word' id='word_1_323' title='bbox 819 3774 887 3817; x_wconf 91' lang='lat' dir='ltr'>non</span> <span class='ocrx_word' id='word_1_324' title='bbox 902 3753 1106 3834; x_wconf 90' lang='lat' dir='ltr'>requiratur,</span> <span class='ocrx_word' id='word_1_325' title='bbox 1133 3753 1196 3817; x_wconf 91' lang='lat' dir='ltr'>etsi</span> <span class='ocrx_word' id='word_1_326' title='bbox 1281 3755 1387 3810; x_wconf 75' lang='lat' dir='ltr'>Natura.</span> 
     </span>
     <span class='ocr_line' id='line_1_41' title="bbox 107 3836 677 3919; baseline 0.004 -23"><span class='ocrx_word' id='word_1_327' title='bbox 107 3838 297 3898; x_wconf 89' lang='lat' dir='ltr'>consultum</span> <span class='ocrx_word' id='word_1_328' title='bbox 314 3836 357 3898; x_wconf 92' lang='lat' dir='ltr'>sit</span> <span class='ocrx_word' id='word_1_329' title='bbox 374 3836 465 3898; x_wconf 92' lang='lat' dir='ltr'>illum</span> <span class='ocrx_word' id='word_1_330' title='bbox 482 3838 677 3919; x_wconf 88' lang='lat' dir='ltr'>impetrare.</span> 
     </span>
    </p>

    <p class='ocr_par' dir='ltr' id='par_1_15' title="bbox 105 3916 1386 4081">
     <span class='ocr_line' id='line_1_42' title="bbox 148 3916 1386 3989; baseline -0.001 -10"><span class='ocrx_word' id='word_1_331' title='bbox 148 3939 178 3979; x_wconf 86' lang='lat'>2.</span> <span class='ocrx_word' id='word_1_332' title='bbox 196 3919 261 3980; x_wconf 91' lang='lat' dir='ltr'>Pro</span> <span class='ocrx_word' id='word_1_333' title='bbox 277 3916 368 3980; x_wconf 81' lang='lat' dir='ltr'>titulo</span> <span class='ocrx_word' id='word_1_334' title='bbox 384 3919 509 3981; x_wconf 91' lang='lat' dir='ltr'>habere</span> <span class='ocrx_word' id='word_1_335' title='bbox 526 3919 624 3982; x_wconf 91' lang='lat' dir='ltr'>debet</span> <span class='ocrx_word' id='word_1_336' title='bbox 639 3919 724 3982; x_wconf 89' lang='lat' dir='ltr'>haec</span> <span class='ocrx_word' id='word_1_337' title='bbox 742 3917 1032 3982; x_wconf 83' lang='lat' dir='ltr'>Confraternitas:</span> <span class='ocrx_word' id='word_1_338' title='bbox 1053 3943 1067 3974; x_wconf 84' lang='lat'><strong>«</strong></span> <span class='ocrx_word' id='word_1_339' title='bbox 1085 3917 1129 3980; x_wconf 92' lang='lat' dir='ltr'>D.</span> <span class='ocrx_word' id='word_1_340' title='bbox 1148 3919 1194 3983; x_wconf 92' lang='lat' dir='ltr'>N.</span> <span class='ocrx_word' id='word_1_341' title='bbox 1284 3933 1386 3989; x_wconf 72' lang='lat' dir='ltr'>Tuum,</span> 
     </span>
     <span class='ocr_line' id='line_1_43' title="bbox 105 3997 1028 4081; baseline -0.004 -21"><span class='ocrx_word' id='word_1_342' title='bbox 105 3998 146 4080; x_wconf 86' lang='lat' dir='ltr'>J.</span> <span class='ocrx_word' id='word_1_343' title='bbox 164 3997 240 4061; x_wconf 80' lang='lat' dir='ltr'>Chr.</span> <span class='ocrx_word' id='word_1_344' title='bbox 256 4000 289 4062; x_wconf 88' lang='lat' dir='ltr'>in</span> <span class='ocrx_word' id='word_1_345' title='bbox 304 4021 389 4062; x_wconf 75' lang='lat' dir='ltr'>croco</span> <span class='ocrx_word' id='word_1_346' title='bbox 405 4001 561 4077; x_wconf 70' lang='lat' dir='ltr'>morientis</span> <span class='ocrx_word' id='word_1_347' title='bbox 577 4008 604 4063; x_wconf 83' lang='lat' dir='ltr'>et</span> <span class='ocrx_word' id='word_1_348' title='bbox 620 4002 661 4064; x_wconf 93' lang='grc' dir='ltr'><strong>Β.</strong></span> <span class='ocrx_word' id='word_1_349' title='bbox 678 4002 725 4065; x_wconf 87' lang='grc' dir='ltr'><strong>Μ.</strong></span> <span class='ocrx_word' id='word_1_350' title='bbox 747 4003 784 4065; x_wconf 88' lang='lat' dir='ltr'>V.</span> <span class='ocrx_word' id='word_1_351' title='bbox 796 4000 994 4081; x_wconf 63' lang='lat' dir='ltr'>perditiores.</span> <span class='ocrx_word' id='word_1_352' title='bbox 1014 4021 1028 4056; x_wconf 67' lang='lat' dir='ltr'>s</span> 
     </span>
    </p>
   </div>
   <div class='ocr_carea' id='block_1_6' title="bbox 107 4080 1407 4228">
    <p class='ocr_par' dir='ltr' id='par_1_16' title="bbox 107 4080 1407 4228">
     <span class='ocr_line' id='line_1_44' title="bbox 148 4080 1407 4165; baseline 0.002 -23"><span class='ocrx_word' id='word_1_353' title='bbox 148 4102 179 4159; x_wconf 90' lang='lat'>3.</span> <span class='ocrx_word' id='word_1_354' title='bbox 197 4080 340 4162; x_wconf 87' lang='lat' dir='ltr'>Speciali</span> <span class='ocrx_word' id='word_1_355' title='bbox 359 4084 493 4146; x_wconf 91' lang='lat' dir='ltr'>decreto</span> <span class='ocrx_word' id='word_1_356' title='bbox 517 4085 674 4148; x_wconf 88' lang='lat' dir='ltr'>eximitur</span> <span class='ocrx_word' id='word_1_357' title='bbox 697 4086 770 4165; x_wconf 86' lang='lat' dir='ltr'>lege</span> <span class='ocrx_word' id='word_1_358' title='bbox 786 4083 966 4147; x_wconf 90' lang='lat' dir='ltr'>distantiae</span> <span class='ocrx_word' id='word_1_359' title='bbox 983 4090 1016 4146; x_wconf 90' lang='lat' dir='ltr'>et</span> <span class='ocrx_word' id='word_1_360' title='bbox 1033 4092 1196 4147; x_wconf 90' lang='lat' dir='ltr'>consueta</span> <span class='ocrx_word' id='word_1_361' title='bbox 1262 4097 1407 4156; x_wconf 63' lang='lat' dir='ltr'>Prodigia,</span> 
     </span>
     <span class='ocr_line' id='line_1_45' title="bbox 107 4163 462 4228; baseline 0.008 -3"><span class='ocrx_word' id='word_1_362' title='bbox 107 4163 252 4225; x_wconf 91' lang='lat' dir='ltr'>formula</span> <span class='ocrx_word' id='word_1_363' title='bbox 269 4164 462 4228; x_wconf 88' lang='lat' dir='ltr'>erectionis.</span> 
     </span>
    </p>
   </div>
   <div class='ocr_carea' id='block_1_7' title="bbox 106 4385 1202 4506">
    <p class='ocr_par' dir='ltr' id='par_1_17' title="bbox 106 4385 1202 4506">
     <span class='ocr_line' id='line_1_46' title="bbox 137 4385 1202 4453; baseline 0.002 -19"><span class='ocrx_word' id='word_1_364' title='bbox 137 4385 267 4453; x_wconf 49' lang='lat' dir='ltr'>[Eodem</span> <span class='ocrx_word' id='word_1_365' title='bbox 285 4385 394 4450; x_wconf 83' lang='lat' dir='ltr'>decreto</span> <span class='ocrx_word' id='word_1_366' title='bbox 413 4399 478 4433; x_wconf 88' lang='lat' dir='ltr'>usus</span> <span class='ocrx_word' id='word_1_367' title='bbox 497 4387 606 4443; x_wconf 72' lang='lat' dir='ltr'>linguae</span> <span class='ocrx_word' id='word_1_368' title='bbox 624 4387 743 4448; x_wconf 83' lang='lat' dir='ltr'>vulgaris</span> <span class='ocrx_word' id='word_1_369' title='bbox 766 4392 807 4436; x_wconf 83' lang='lat' dir='ltr'>est</span> <span class='ocrx_word' id='word_1_370' title='bbox 827 4387 855 4436; x_wconf 88' lang='lat' dir='ltr'>in</span> <span class='ocrx_word' id='word_1_371' title='bbox 877 4385 986 4446; x_wconf 82' lang='lat' dir='ltr'>privata</span> <span class='ocrx_word' id='word_1_372' title='bbox 1005 4386 1083 4446; x_wconf 85' lang='lat' dir='ltr'>parvi</span> <span class='ocrx_word' id='word_1_373' title='bbox 1105 4386 1202 4436; x_wconf 86' lang='lat' dir='ltr'>Officii·</span> 
     </span>
     <span class='ocr_line' id='line_1_47' title="bbox 106 4445 755 4506; baseline 0.002 -13"><span class='ocrx_word' id='word_1_374' title='bbox 106 4452 426 4505; x_wconf 87' lang='lat' dir='ltr'>rec1tatroneperm1ssus</span> <span class='ocrx_word' id='word_1_375' title='bbox 446 4445 578 4502; x_wconf 70' lang='lat' dir='ltr'>Mondou,</span> <span class='ocrx_word' id='word_1_376' title='bbox 591 4459 650 4503; x_wconf 79' lang='lat' dir='ltr'>imi,</span> <span class='ocrx_word' id='word_1_377' title='bbox 663 4461 690 4506; x_wconf 91' lang='lat' dir='ltr'>p.</span> <span class='ocrx_word' id='word_1_378' title='bbox 703 4463 755 4495; x_wconf 65' lang='grc' dir='ltr'><strong>ποι.</strong></span> 
     </span>
    </p>
   </div>
   <div class='ocr_carea' id='block_1_8' title="bbox 1098 4542 1130 4594">
    <p class='ocr_par' dir='ltr' id='par_1_18' title="bbox 1098 4542 1130 4594">
     <span class='ocr_line' id='line_1_48' title="bbox 1098 4542 1130 4594; baseline 0 0"><span class='ocrx_word' id='word_1_379' title='bbox 1098 4542 1130 4594; x_wconf 83' lang='lat'>23</span> 
     </span>
    </p>
   </div>
   <div class='ocr_carea' id='block_1_9' title="bbox 0 0 1578 5016">
    <p class='ocr_par' dir='ltr' id='par_1_19' title="bbox 0 0 1578 5016">
     <span class='ocr_line' id='line_1_49' title="bbox 0 0 1578 5016; baseline 0 0"><span class='ocrx_word' id='word_1_380' title='bbox 0 0 1578 5016; x_wconf 95' lang='lat' dir='ltr'> </span> 
     </span>
    </p>
   </div>
  </div>
 </body>
</html>
