3134 5016
149 737 273 788 Formulo.

142 1315 267 1363 Sodalr'rm

114 1376 238 1434 rooplalr'o.

327 411 388 476 338
732 431 799 466 rins
814 430 899 467 noun.
917 430 1008 466 cirus
1024 429 1034 465 1

328 570 393 632 lem
424 567 446 646 ¹,
484 566 598 630 datam
635 565 668 629 in
698 567 777 649 ipsis
811 566 905 630 iestis
934 565 1119 646 designatis
1147 567 1205 648 vvel
1234 564 1267 629 in
1297 566 1423 630 horum

329 649 516 735 pervigilio

371 755 400 812 3.
425 731 578 796 Formrria
602 733 703 814 hujus
725 731 945 794 absolutionis
978 730 1188 814 praescripta
1223 735 1275 794 est
1308 751 1328 792 a
1354 731 1419 796 SS.

329 816 445 879 Leone
460 815 520 895 Pp.
538 833 611 894 xm,
635 838 653 896 7
678 823 778 878 mart.
799 819 888 894 1883.
906 818 1078 892 Attamen,
1096 819 1172 896 post
1188 810 1421 886 sacramenta*

330 901 394 960 lem
410 897 667 974 absolutionem,
684 897 747 959 etsi
764 901 821 978 per
835 919 865 959 se
880 896 1072 960 suadendos
1088 902 1140 958 est
1155 913 1238 958 usus
1253 894 1421 960 formulae

330 983 431 1064 paulo
447 980 620 1060 longioris,
638 978 680 1041 ed
694 978 829 1041 valorem
851 979 934 1041 satis
950 987 1002 1042 est
1018 981 1101 1042 haec
1117 997 1227 1059 pauca
1243 977 1395 1058 proferre
1410 1003 1418 1058 ;

333 1089 347 1118 e
364 1062 557 1124 Auctoritete
570 1083 590 1123 a
606 1061 743 1124 Summis
757 1060 970 1142 Pontificibus
981 1061 1060 1123 milri
1075 1079 1222 1128 concesse,
1244 1058 1420 1142 plenariam

330 1144 468 1218 omnium
485 1148 681 1224 peccatorum
704 1149 827 1206 morum
850 1143 1083 1225 Indulgeaiiom
1106 1141 1163 1204 tibi
1187 1141 1357 1222 impertior.
1380 1147 1419 1210 Iri

331 1227 451 1289 nomine
472 1226 581 1289 Patris
604 1233 632 1288 et
653 1225 736 1289 Filii
759 1227 779 1306 i
804 1233 832 1288 et
854 1226 990 1306 Spiritus
1013 1223 1132 1288 Samii.
1156 1223 1254 1286 Amen
1388 1284 1392 1296 ,

374 1310 461 1374 541.
475 1313 528 1372 De
541 1311 662 1373 Tertio
675 1310 806 1371 Ordine
815 1312 851 1372 S.
861 1312 1043 1372 Francisci
1055 1309 1080 1372 ².
1096 1331 1123 1371 1.
1139 1309 1177 1369 ln
1190 1325 1266 1368 eum
1280 1313 1420 1390 cooptari

331 1398 496 1471 quotquot
512 1392 710 1473 Superiores
726 1399 804 1453 sunt
831 1391 965 1454 Ordinis
991 1391 1171 1466 Minorum,
1204 1388 1419 1455 Conventua-

331 1475 423 1551 lium,
449 1472 728 1554 capuccinorum,
753 1477 807 1536 vel
833 1475 934 1536 etiam
949 1473 1057 1537 Tertii
1073 1473 1209 1535 Ordinis
1227 1476 1391 1554 regularis
1406 1497 1414 1554 ;

267 1619 268 1625 χ
332 1564 364 1618 et
381 1563 545 1642 quotquot
561 1557 603 1617 ab
621 1556 668 1618 eis
684 1557 883 1637 delegantur
899 1557 1094 1618 sacerdotes
1111 1555 1134 1616 ³.

143 1890 257 1936 Novitia-

115 1952 159 2015 ius,
178 1946 273 2008 Proser·

114 2019 150 2052 sio
159 2019 166 2058 .·

141 3292 250 3338 Gratiae.

372 1659 402 1700 2.
436 1637 596 1718 Cooptari
622 1647 763 1720 possunt
790 1639 929 1719 quilibet
958 1638 1134 1719 utriusque
1160 1656 1261 1700 sexus
1284 1635 1416 1704 'Christi

329 1719 455 1796 fideles,
481 1721 580 1782 modo
606 1744 642 1800 14
664 1741 771 1783 annos
794 1721 861 1783 sint
884 1721 966 1783 nati.
992 1721 1043 1783 Ab
1067 1739 1173 1784 uxore
1187 1722 1351 1801 petendus
1365 1730 1423 1789 est.

330 1821 489 1868 assensus
509 1803 585 1876 viri,
604 1803 666 1865 nisi
683 1805 781 1866 aliter
797 1803 1004 1865 confessario
1020 1804 1063 1866 sit
1080 1804 1201 1865 visum.

371 1905 402 1963 3.
429 1884 610 1948 Novitiatus
633 1886 791 1948 indicitur
814 1887 913 1948 unius
936 1887 1027 1963 anni,
1053 1904 1152 1966 quem
1175 1889 1326 1970 sequitur
1342 1893 1416 1972 pro·

323 1963 431 2046 sessim
449 1967 544 2030 Haec
560 1976 674 2030 tamen
691 1971 818 2031 nullam
836 1969 935 2030 infert
952 1969 1205 2048 obligationem.

371 2072 401 2132 4.
420 2049 479 2116 Ne.
498 2069 557 2131 per
569 2057 702 2128 tempus
718 2070 784 2130 quo
801 2051 879 2112 illud
896 2050 1068 2128 omittunt,
1083 2059 1223 2114 careant
1235 2049 1416 2136 privilegiis

329 2136 362 2193 et
384 2133 529 2214 juribus,
559 2133 721 2195 continuo
748 2133 812 2212 (die
829 2135 1010 2212 noctuque)
1033 2133 1096 2194 sub
1118 2133 1269 2196 vestibus
1286 2135 1415 2206 deferre

330 2214 452 2276 debent
468 2215 638 2296 cingulum
665 2226 698 2278 et
725 2235 867 2296 parvum
885 2217 1072 2298 scapulare,
1090 2215 1227 2279 definito
1247 2217 1314 2280 ritu
1331 2216 1413 2280 reci-

329 2296 460 2378 pienda.
493 2298 679 2379 Scapulare
708 2297 795 2360 foret
825 2317 884 2380 per
914 2317 950 2360 se
981 2298 1115 2378 cingulo
1146 2299 1410 2377 revinciendum,

329 2380 496 2441 toleratur
509 2391 635 2458 tamen,
650 2381 706 2442 ubi
720 2381 845 2461 vigeat,
861 2401 933 2442 risus
945 2380 1132 2462 scapularis
1147 2381 1286 2444 minoris
1302 2382 1413 2463 qualia

329 2469 410 2522 sunt
424 2462 612 2544 scapularia
640 2463 971 2525 confraternitatum.
985 2466 1035 2541 (S.
1056 2461 1094 2526 C.
1113 2462 1244 2545 Indulg.
1261 2487 1301 2542 30
1316 2465 1412 2546 april.

333 2548 421 2624 1885,
442 2565 478 2605 10
491 2544 565 2624 jun.
587 2545 689 2620 1886.)

370 2643 400 2704 5.
418 2624 595 2686 Sodalibus
621 2625 864 2705 praescribitur
890 2628 1062 2690 modestus
1078 2626 1167 2689 vitae
1190 2626 1310 2702 cultus,
1329 2625 1410 2706 fuga

328 2725 470 2786 pompae
496 2707 698 2788 mundanae,
714 2709 840 2771 caritas
868 2719 998 2779 mutua.
1016 2709 1181 2772 conlectio
1202 2707 1407 2784 testamenti,

329 2787 533 2851 abstinentia
558 2809 578 2850 a
604 2809 671 2852 non
698 2791 890 2854 necessario
903 2792 1136 2874 jurejurandO,
1154 2791 1261 2854 oratio
1284 2799 1361 2852 ante
1376 2798 1411 2852 et

329 2877 404 2951 post
420 2871 648 2950 relectionem,
666 2874 895 2954 vespertinum
912 2875 1138 2936 conscientiae
1161 2892 1312 2951 examen,
1330 2891 1412 2956 quo-

329 2952 466 3032 tidiana,
497 2953 524 3015 si
554 2954 626 3016 fieri
651 2963 772 3037 potest,
804 2957 996 3019 assistentia
1023 2958 1071 3019 rei
1100 2957 1245 3030 divinae,
1273 2965 1318 3034 et,
1340 2955 1413 3016 nisi

328 3039 524 3117 persolvant
555 3040 607 3100 vel
634 3038 738 3100 horas
775 3039 956 3101 canonicas
994 3041 1047 3102 vel
1084 3038 1230 3116 officium
1269 3058 1412 3120 parvum

327 3119 369 3264 ξ’.
392 3120 438 3181 M.
456 3120 511 3196 V.,
529 3119 725 3202 quotidiana
742 3121 896 3184 recitatio
925 3144 961 3186 12
984 3123 1086 3184 Pater
1102 3129 1135 3183 et
1151 3123 1222 3184 Ave
1240 3128 1274 3184 et
1297 3120 1413 3186 Gloria

356 3201 433 3264 atri.
1248 3257 1250 3262 .

369 3289 398 3346 6.
409 3284 506 3366 Quod
519 3283 560 3345 ad
572 3283 710 3366 gratias:
719 3286 752 3361 a)
762 3284 911 3367 Propriae
924 3286 1019 3348 istius
1034 3285 1142 3348 Tertii
1155 3283 1289 3348 Ordinis
1305 3283 1410 3346 indul.-

327 3367 459 3446 gentiae
487 3375 520 3427 et
546 3366 774 3428 absolutiones
797 3369 808 3402 ⁴
834 3377 1056 3431 numerantur
1084 3368 1122 3432 C.
1150 3365 1326 3431 Misericors
1350 3365 1414 3428 Dei

326 3447 443 3522 Filius,
462 3471 500 3527 29
518 3448 595 3510 maii
615 3455 704 3528 1883.
1087 3527 1089 3530 ι
1338 3507 1342 3528 ἔ

367 3531 401 3611 b)
417 3530 481 3594 Ubi
495 3531 579 3592 desit
594 3531 736 3592 ecclesia
752 3533 805 3593 vel
821 3532 1029 3594 franciscalis
1045 3534 1099 3594 vel
1115 3531 1148 3593 in
1165 3527 1232 3613 qua
1250 3529 1411 3593 canonice

325 3613 368 3675 sit
393 3621 506 3675 erecta
531 3612 638 3675 Tertii
655 3613 791 3679 Ordinis
808 3618 1039 3696 congregatim
1056 3615 1227 3693 Tertiarii,
1242 3613 1410 3676 visitando

351 3897 358 3932 ¹
369 3895 424 3944 Cir.
437 3896 570 3956 Angelum
580 3910 597 3945 a
609 3897 655 3945 SS.
669 3897 767 3952 Corde,
780 3911 810 3951 11,
823 3911 850 3956 p.
863 3915 914 3955 429·

350 3969 360 4002 Β
372 3965 506 4025 Pleraque
517 3965 696 4014 exscribimus
708 3981 740 4014 ex
751 3968 784 4015 C.
797 3968 937 4014 Misericors
948 3967 996 4030 Dei
1009 3967 1101 4014 Filius.

349 4037 360 4072 ³
377 4035 517 4097 Delegatio
535 4043 625 4084 tamen
642 4035 678 4084 ab
698 4037 824 4084 Generali
837 4036 919 4084 unius
938 4036 1061 4086 familiae
1079 4037 1161 4092 facta,
1173 4049 1228 4082 non
1240 4040 1280 4082 est
1296 4033 1362 4082 satis
1381 4040 1411 4082 ut

320 4094 440 4158 aliquem
459 4093 560 4142 referas
581 4095 608 4141 in
623 4098 824 4151 congregationem
840 4108 912 4154 quae
937 4095 965 4142 in
988 4094 1101 4143 alterius
1122 4095 1251 4142 Fratrum
1271 4093 1411 4142 Minorum

319 4153 440 4203 familiae
455 4157 495 4199 est
504 4157 646 4212 potestate.
660 4154 688 4200 S.
702 4154 733 4201 C.
747 4152 853 4212 Indulg.
868 4159 895 4198 30
903 4151 959 4210 jan.
976 4160 1040 4208 1867.
1378 4164 1381 4166 ·

348 4221 562 4270 4Absolutiones
573 4222 641 4269 istae
658 4221 777 4282 legitime
787 4221 927 4280 impeditis
943 4221 1060 4269 conferri
1078 4226 1193 4280 possunt
1208 4215 1253 4267 die
1269 4216 1409 4268 dominica

319 4281 361 4326 vel
373 4279 469 4328 festiva
479 4280 513 4326 de
529 4286 674 4339 praecepto
689 4294 760 4340 quae
770 4287 914 4326 occurrant
933 4279 1004 4326 inira
1022 4290 1084 4327 octo
1095 4279 1153 4326 dies
1171 4290 1308 4326 connexos
1317 4282 1408 4322 statae

319 4336 546 4451 dgqqnnilqigfihaec
564 4337 644 4384 luerit
664 4336 697 4384 de
717 4348 862 4396 praecepto
883 4335 1058 4385 celebranda.
1080 4338 1161 4384 Dect.
1187 4337 1215 4385 S.
1238 4336 1270 4383 C.
1292 4331 1404 4392 Indulg.
