3148 5004
141 395 239 476 [δῦ-6
244 394 278 474 6]
432 415 469 450 ou
486 415 688 450 PR1MAEARUM
704 414 930 452 consurrurroun

185 552 236 614 De
251 550 353 613 tertia
370 549 426 612 illa
444 569 548 612 causa
563 551 725 611 nonnulla
752 549 847 611 nobis
863 548 1066 612 declaranda
1082 552 1172 608 sunt.

184 635 247 698 66.
264 656 292 696 1.
306 633 433 696 Forma
449 651 548 712 quarn
565 631 704 708 repudiet
718 632 871 694 Ecclesia
890 638 999 694 status
1014 626 1229 712 perfectionis

141 716 212 798 jam
239 715 399 778 constitui
423 714 552 794 nequit.
576 715 699 776 Deficit
722 713 809 775 enirn
827 714 1013 777 essentialis
1025 709 1227 774 obedientia.

143 799 251 861 Immo
266 798 400 861 videtur
416 817 500 880 opus
513 816 586 858 esse
600 804 636 858 ut
646 796 799 878 positivus
812 797 944 876 quidem
960 795 1099 859 accedat
1114 811 1229 855 assen-

145 901 214 957 sus,
228 883 346 942 saltem
362 881 473 942 tacitus
489 888 522 942 et
536 879 700 962 generalis,
721 887 887 959 quatenus
902 879 1056 942 Ecclesia
1071 887 1229 968 acceptos

145 963 270 1026 habeat
282 964 315 1026 in
327 962 524 1026 universum
549 964 678 1043 eosqui
696 963 840 1023 honesta
857 963 969 1042 aliqua
985 961 1116 1024 ratione
1133 957 1228 1020 disci-

144 1045 269 1128 plinam
285 1045 511 1128 profiteantur
527 1044 757 1126 perfectionis
783 1045 963 1124 Nequeunt
979 1043 1066 1105 enirn
1089 1040 1229 1104 visibilis

144 1128 317 1191 societatis
343 1129 433 1190 cives
459 1127 614 1190 distribui
643 1127 705 1190 nisi
733 1129 919 1190 secundum
946 1138 1003 1189 eos
1033 1131 1142 1186 status
1173 1121 1229 1203 qui

143 1211 285 1294 positive
302 1211 368 1272 sint
384 1209 501 1291 agniti.
918 1265 921 1274 .

186 1315 216 1355 a.
233 1291 392 1355 Formalis
407 1299 441 1354 et
456 1292 582 1354 diserta
606 1291 782 1374 approbatio
809 1311 876 1352 non
900 1290 1034 1360 videtur
1057 1288 1230 1370 perplura

146 1377 259 1437 secula
274 1375 377 1437 luisse
401 1375 606 1452 necessaria,
624 1378 731 1436 donec
756 1373 794 1438 C.
812 1375 1093 1436 Lateranense1v
1110 1373 1228 1449 (1215),

143 1459 378 1522 confirmatum
396 1457 616 1537 Lugdunensi
633 1474 657 1519 11
674 1460 794 1538 (1274),
812 1456 984 1538 prohibuit
999 1475 1041 1516 ne
1060 1454 1100 1517 de
1116 1459 1229 1517 cetero

146 1559 255 1603 novae
281 1540 462 1618 religiones
485 1539 731 1618 invenirentur.
755 1541 806 1602 De
829 1541 862 1601 vi
885 1549 987 1618 atque
1012 1534 1230 1618 amplitudine

146 1622 241 1686 istius
268 1622 515 1704 prohibitionis,
545 1622 607 1685 cfr.
636 1622 755 1691 Bouix,
774 1622 824 1684 Da
838 1619 912 1702 jura
926 1618 1130 1703 regularium,
1154 1626 1180 1682 t.
1201 1639 1228 1694 1,

143 1725 176 1788 a·
196 1725 341 1786 19³·209-

186 1790 266 1851 Post
282 1788 366 1849 haec
380 1787 535 1865 concilia,
553 1807 680 1850 novum
697 1807 764 1848 non
780 1786 890 1868 potuit
913 1785 1010 1847 condi
1034 1784 1240 1848 Institutum.

1308 633 1444 741 dQualisac-

1284 708 1307 742 ce
1323 695 1443 752 atoportet

1284 750 1443 810 Ecclesiaeap·

1281 809 1404 870 probatio.

1306 920 1444 980 Requiritur

1283 991 1393 1026 assensus

1280 1037 1405 1097 positivus,

1298 1285 1356 1332 Non
1368 1290 1442 1330 rarum

1279 1341 1403 1403 formulis.

146 1871 338 1952 religiosum
352 1869 423 1931 sine
437 1869 642 1932 auctoritate
655 1871 691 1932 S.
706 1869 813 1946 Sedis,
825 1868 887 1931 nisi
900 1867 986 1932 forte
999 1872 1231 1929 assumeretur

148 1975 216 2016 una
231 1974 272 2015 ex
289 1952 440 2033 probatis
456 1952 593 2032 regulis

188 2059 218 2116 3.
232 2036 268 2098 S.
286 2036 389 2099 Sedes
403 2053 517 2117 porr0,
533 2055 592 2117 per
602 2035 722 2118 pianas
736 2033 993 2096 constitutiones
1010 2033 1019 2059 ¹
1044 2049 1147 2112 supra
1164 2032 1230 2108 (57)

151 2125 320 2186 recitatas,
340 2116 530 2198 repudiavit
553 2118 713 2180 Instituta
736 2124 893 2179 votorum
910 2115 1129 2196 simplicium.
1153 2114 1232 2174 Mox

148 2208 262 2263 tamen
277 2202 422 2261 tolerare
435 2199 555 2281 coepit,
574 2201 669 2281 quasi
694 2199 945 2275 dissimulando,
959 2196 1157 2272 Tertiarios,
1176 2191 1231 2274 qui

151 2301 362 2344 communem
378 2281 482 2342 vitain
509 2281 709 2365 simplicium
725 2291 883 2344 votorum
910 2299 997 2342 nexu
1020 2277 1229 2340 sanciebant.

183 2384 227 2426 uo
256 2364 467 2440 factumest,
496 2373 533 2426 ut
559 2366 593 2427 hi
620 2367 794 2443 coeperint
817 2363 997 2446 episcopali
1024 2361 1084 2422 niti
1104 2359 1182 2440 jure
1198 2363 1231 2418 et

149 2446 324 2530 Episcopis
339 2446 418 2508 dare
441 2466 558 2509 ansam
575 2448 783 2530 approbandi
799 2445 959 2509 Instituta
973 2452 1134 2506 votorum
1149 2441 1232 2503 sim-

147 2529 293 2612 plicium.
311 2527 375 2611 Qui
392 2547 464 2590 mos
480 2529 527 2591 ita
543 2531 697 2607 invaluit,
715 2537 835 2592 utnon
853 2530 960 2590 soleat
971 2529 1042 2609 jam
1065 2525 1103 2588 S.
1129 2524 1232 2587 Sedes

146 2613 335 2696 approbare
352 2611 512 2673 Instituta
530 2612 592 2674 nisi
608 2615 701 2693 prius
723 2632 783 2693 per
805 2611 940 2692 aliquod
957 2618 1088 2692 tempus
1104 2607 1232 2690 episco-

144 2695 210 2777 pali
225 2695 368 2776 probata
384 2695 450 2755 sint
466 2695 640 2774 regimine.
656 2696 717 2778 Jus
744 2695 833 2757 istud
860 2694 1105 2776 episcoporum,
1130 2689 1230 2770 quod,

144 2798 186 2839 ex
206 2776 386 2838 manifesta
407 2778 662 2854 consuetudine,
695 2777 818 2858 ambigi
849 2795 917 2838 non
941 2783 1085 2856 poterat,
1113 2791 1232 2834 recens

144 2858 341 2922 authentico
358 2865 409 2919 est
424 2861 674 2940 promulgatum
693 2861 906 2929 documento,
924 2858 962 2920 C.
980 2859 1053 2920 dico
1066 2855 1129 2919 SS.
1145 2856 1232 2917 Leo·

144 2943 197 3004 nis
222 2943 283 3023 Pp.
304 2957 377 3018 xrn,
407 2938 558 3004 Conditaa
573 2963 592 3004 a
608 2941 744 3020 Christe,
759 2948 778 3004 8
795 2943 866 3005 dec.
889 2963 979 3020 1900.
997 2939 1068 3004 Cfr.
1084 2940 1125 3002 A.
1142 2937 1178 3000 S.
1195 2936 1231 3000 S.

144 3033 168 3088 t·
187 3046 238 3102 33,
276 3042 450 3103 ,31sqq.

180 3044 272 3188 Quiri)
281 3047 392 3184 iminO,
402 3105 541 3167 mutatis
549 3105 730 3188 adjunctis,
741 3105 914 3168 formalem
924 3105 995 3185 jam
1005 3104 1126 3166 eisdem
1136 3099 1232 3163 Insti-

144 3185 1231 3270 tutisnondetrectavitapprobationemipsaS.Sedes,diutamen

144 3271 278 3354 adjecta
291 3272 441 3333 clausula
459 3296 472 3325 «
492 3271 577 3332 citra
593 3271 870 3353 approbationem
888 3267 1144 3330 conservatorii.
1165 3292 1178 3320 >

185 3355 337 3417 Primum
351 3355 539 3434 exemplum
553 3354 653 3435 hujus
666 3352 919 3436 approbationis
934 3368 1094 3413 romanae
1108 3347 1231 3409 indica·

145 3441 202 3497 tur
229 3457 248 3497 a
275 3436 411 3498 Ferrari
439 3440 486 3514 (n.
519 3439 591 3518 240)
619 3437 730 3499 Breve
754 3433 937 3498 Clementis
964 3427 1233 3511 x1,Inscrutabili

146 3521 199 3598 (13
217 3518 279 3599 jul.
307 3521 409 3598 1703),
427 3521 618 3600 approbans
641 3517 879 3582 Constitutiones
894 3517 1063 3597 virginum
1085 3513 1232 3593 anglica-

146 3619 278 3662 narum.
297 3600 396 3662 Hanc
413 3601 544 3682 excepit
561 3600 599 3664 C.
616 3600 834 3682 Experientiae
850 3598 1046 3663 Clementiis
1062 3613 1135 3674 xr11,
1154 3614 1230 3675 qua,

145 3687 165 3745 6
180 3693 266 3766 sept.
284 3688 373 3762 1760,
392 3683 592 3744 confirmata
608 3692 687 3745 sunt
699 3684 896 3745 Institutum
909 3689 941 3744 et
953 3681 1090 3762 regulae
1106 3679 1232 3760 specia-

145 3766 194 3826 les
223 3764 355 3847 piarum
387 3766 556 3846 virginum
589 3783 675 3846 quae
705 3768 807 3847 vulgo
844 3765 1002 3827 dicuntur
1029 3765 1146 3826 Matres
1180 3762 1233 3823 vel

144 3847 318 3930 Magistraa
326 3846 410 3928 pice.

186 3931 238 3992 Ad
253 3930 347 3992 viros
360 3929 449 4008 quod
472 3932 606 4009 attinet,
625 3933 755 4014 priores
772 3937 922 4010 tempore
938 3928 1031 3990 fuere
1048 3945 1233 4009 congrega-

147 4011 255 4074 tiones
268 4012 521 4076 ecclesiasticae
537 4015 718 4096 improprie
734 4012 923 4092 religiosae.
941 4010 1143 4089 Hujusmodi
1155 4017 1234 4070 sunt

147 4093 354 4178 Congregatio
381 4095 522 4158 Oratorii
533 4096 582 4174 (S.
596 4097 740 4178 Philippi
762 4093 866 4172 Nerii)
882 4093 1024 4176 probata
1041 4114 1060 4155 a
1076 4093 1182 4154 Paulo
1197 4107 1231 4167 v,

1319 2031 1371 2077 Diu
1395 2027 1445 2089 fuit

1288 2095 1416 2134 reservatus

1286 2145 1315 2192 S.
1335 2145 1392 2191 seda·
1406 2159 1445 2191 nec
1527 2170 1528 2174 =

1285 2217 1406 2248 concessus

1285 2261 1409 2307 Instituiis

1286 2321 1391 2364 votomm

1284 2375 1432 2434 simplicium.
1461 2411 1464 2419 .

1316 3371 1430 3432 Exempla

1288 3431 1433 3498 approbatio·

1286 3503 1325 3535 nis
1334 3502 1446 3535 romanae

178 4313 251 4419 lssC.
272 4315 400 4421 ξέΒΡίἰν.
422 4317 495 4363 Circa
514 4313 655 4375 pastoralis,
676 4331 703 4371 29
722 4310 787 4360 maii
808 4317 864 4357 1566
879 4313 906 4356 et
925 4309 1052 4356 Lubricum
1074 4309 1137 4354 vilae
1151 4319 1231 4364 genus,
1295 4344 1301 4349 .,

150 4387 177 4431 ¹7
224 4386 272 4420 v.r
323 4410 328 4420 .
1072 4383 1076 4390 ·
1231 4404 1233 4408 .
