3148 5004
124 749 231 852 paoem

95 821 121 852 sa
133 807 254 874 iterantur

95 878 146 912 voci
162 878 254 922 congro-

92 923 209 980 gorionis.

111 1005 193 1052 Coetus
204 1019 252 1052 mo·

95 1065 232 1119 nortorum:

96 1175 248 1222 Consocr'atio

91 1234 196 1299 plurium
205 1247 252 1279 mo·

94 1296 260 1347 naslertorum,

126 1567 158 1614 In
173 1568 255 1614 ordine

94 1623 260 1684 semediata

126 2324 232 2373 Societas

100 2379 236 2430 clericorum

95 2438 128 2483 orl
138 2439 261 2496 laicorum:

100 2832 256 2889 congregotio

101 2890 221 2946 Or‘ororr'r',

122 3055 258 3113 Presbrlrri

97 3113 127 3160 M
130 3114 237 3171 issiom's,

125 3706 224 3752 Sorores
242 3721 258 3752 a

108 3766 209 3820 :oritate

106 3901 260 3960 anogogem

105 3959 213 4017 religiosa

103 4022 174 4076 presse
184 4018 255 4068 dicto.

691 469 758 504 PARS
774 469 870 504 PRIMA.
888 471 979 506 CAPUT
995 471 1026 505 111
1083 521 1091 536 ι

409 639 424 726 ἓ
450 651 487 735 7.
517 632 586 712 De
615 633 652 712 C
652 629 1022 740 ortgregolr'om'bas
1047 633 1266 742 ¹religiosis
1294 652 1303 679 1

360 825 420 913 56.
438 824 543 886 Varia
558 824 620 886 fuit
646 825 697 886 vis
717 826 809 888 verbi
833 827 1099 910 Congragotr'onis
1117 829 1270 908 Namque
1294 829 1402 911 desig·

317 915 433 968 navit:

362 1011 388 1050 1.
408 987 533 1050 Cortum
549 1010 606 1051 seu
625 991 783 1052 coitionem
800 991 1029 1054 irrorrochoram.
1054 993 1122 1056 Clr.
1142 993 1296 1056 Cassian.
1317 994 1401 1057 Coll.

317 1083 349 1132 2³
366 1071 553 1148 Praelati03
573 1073 608 1135 S.
626 1074 800 1135 Benedicti
818 1079 968 1155 regulam
986 1096 1014 1137 c.
1035 1099 1070 1156 17
1087 1077 1115 1138 ².

360 1175 388 1214 2.
422 1153 682 1218 Corzsociolr'onem
706 1155 846 1236 plicatum
883 1158 1149 1235 monasteriorum,
1181 1179 1247 1238 qua
1283 1159 1402 1221 morali

317 1239 435 1298 saltem
451 1239 686 1318 conjunctione
700 1246 838 1319 coeptae
852 1252 929 1301 sunt
946 1242 1098 1324 copulari
1115 1243 1232 1303 doinus
1256 1261 1341 1320 quae
1359 1245 1401 1304 ab

317 1337 385 1379 una
398 1321 578 1402 praecipua
591 1323 753 1401 originem
767 1325 948 1384 trahebant
968 1327 1021 1385 vel
1043 1325 1182 1385 eandem
1196 1325 1403 1403 recipiebant

317 1402 602 1464 reformationem.
622 1404 749 1466 Prioris
764 1409 897 1483 generis
921 1407 982 1466 fuit
1003 1407 1073 1484 jam
1097 1419 1131 1469 a⁰
1159 1413 1234 1468 1080
1259 1426 1401 1486 congre-

316 1485 408 1558 gatio
435 1485 687 1566 Hirsaugiensis
714 1487 724 1521 ³
752 1488 949 1566 (Hirschau,
973 1489 1238 1569 Wltrtemberg),
1265 1488 1400 1550 Ordinis

317 1568 353 1629 S.
381 1568 566 1638 Benedicti,
598 1568 630 1630 in
661 1589 726 1648 quo
757 1573 870 1650 plures
897 1573 1006 1633 adbuc
1038 1581 1173 1632 exstant
1209 1570 1400 1650 hujusmodi

317 1649 622 1732 Congregationes:
647 1671 676 1713 e.
695 1672 724 1713 c.
744 1651 966 1730 Cassinemis,
995 1653 1236 1716 Bencennensis,
1251 1655 1300 1715 Ad
1318 1657 1400 1714 alte-

317 1751 390 1793 rum
420 1753 526 1811 genus
557 1734 675 1795 relerri
717 1747 857 1816 possunt
888 1737 1115 1817 Congregatio
1154 1735 1400 1812 Cluniacensis,

317 1814 563 1908 C'isterciensis²
591 1837 675 1896 qnae
702 1821 813 1898 potius
848 1830 960 1880 tamen
982 1819 1168 1900 peculiares
1200 1827 1279 1880 sunt
1313 1820 1402 1880 Reli·

315 1917 443 1978 groneS.

360 1981 646 2061 Congregatioms
663 1982 853 2064 hujusmodi
868 1991 989 2046 auctae
1016 1991 1095 2045 sunt
1121 2004 1264 2045 numero
1281 2002 1403 2064 ex-quo

318 2065 415 2146 plena
443 2064 507 2126 frui
534 2066 744 2146 exemptione
771 2086 839 2126 non
860 2067 931 2147 jam
959 2086 1157 2129 concessum
1189 2075 1240 2128 est
1267 2066 1330 2127 nisi
1364 2066 1403 2126 iis

318 2147 531 2209 monasteriis
568 2168 652 2226 quae
680 2151 777 2229 plura
804 2151 903 2210 simul
930 2149 1183 2211 universalioris
1214 2151 1403 2231 cujuspiam

318 2230 454 2312 capituli
471 2230 750 2312 obtemperabant
767 2232 906 2311 legibus.

360 2334 390 2388 3.
409 2313 572 2374 Socr'elates
587 2315 658 2375 sive
674 2313 852 2376 clerr'cormo
867 2317 937 2377 sive
953 2314 1116 2392 laicorum,
1135 2335 1231 2395 quae,
1246 2315 1287 2376 ad
1304 2334 1403 2396 pecu-

317 2395 433 2455 liarem
451 2397 696 2473 assequendum
714 2398 812 2457 finem
830 2397 963 2477 pietatis
979 2401 1032 2457 vel
1056 2400 1220 2476 cai-itatis,
1238 2397 1404 2458 accedunt

319 2476 360 2535 ad
376 2477 586 2554 Religionum
604 2479 768 2539 rationem
785 2483 843 2538 sed
859 2480 901 2538 ab
924 2501 964 2539 ea
987 2481 1098 2558 aliquo
1115 2481 1212 2540 modo
1230 2481 1401 2551 deficiunt,

318 2557 389 2617 siue
406 2558 483 2636 quia
506 2558 717 2619 desideratur
740 2560 873 2638 aliquod
900 2562 1016 2621 votum¹
1044 2562 1267 2621 substantiale
1284 2563 1404 2622 saltem
1430 2615 1434 2618 .

318 2649 528 2720 perpetuum,
546 2641 616 2701 sive
629 2643 706 2721 quia
719 2652 798 2701 vota
811 2663 831 2702 a
844 2645 935 2702 nullo
948 2643 1120 2721 superiore
1134 2645 1268 2704 nomine
1284 2645 1402 2703 Eccle-

318 2721 387 2782 siae
403 2729 636 2801 acceptantur.
654 2725 729 2784 Hae
746 2744 833 2784 nune
847 2743 961 2804 presse
975 2725 1403 2805 dicunturCongregotr'onos

318 2803 534 2864 ecclesiasticae
548 2807 601 2864 vel
615 2805 776 2867 seczrlorcs.
793 2805 822 2867 T
825 2826 958 2887 empore
983 2808 1088 2886 prima
1115 2807 1176 2866 fuit
1194 2805 1403 2887 Congregolr'o

319 2886 459 2946 Oratorr'o'
484 2905 593 2965 quam,
618 2889 688 2948 sine
708 2896 864 2948 votorum
888 2889 1104 2968 obligatione,
1130 2890 1258 2950 Romae
1282 2891 1403 2967 (1566),

319 2969 465 3029 condidit
493 2970 528 3030 S.
553 2971 726 3052 Philippus
753 2971 892 3032 Nerius:
918 2972 1006 3050 quod
1029 2973 1226 3033 Institutum
1251 2971 1405 3032 imitatus

318 3061 369 3111 est
400 3054 431 3112 in
462 3052 571 3113 Gallia
598 3054 703 3130 (1611)
731 3053 832 3116 Card.
864 3055 1011 3116 Berulle.
1040 3053 1212 3134 Presbyteri
1234 3053 1403 3131 llllsslom's,

318 3136 420 3215 vulgo
443 3134 522 3196 dicti
549 3134 744 3213 Lazaristoc,
777 3145 938 3215 quattuor
968 3137 1097 3199 faciunt
1128 3144 1209 3198 vota
1241 3136 1405 3218 simplicia

319 3218 538 3298 paupertatis,
569 3219 746 3294 castitatis,
775 3219 985 3281 obedientiae
1012 3229 1046 3281 et
1071 3220 1276 3296 stabilitatis
1306 3239 1403 3298 quae,

318 3301 381 3362 etsi
408 3309 583 3362 reservata
613 3309 692 3362 sunt
719 3303 796 3364 Sedi
827 3303 1044 3379 apostolicae,
1077 3323 1097 3363 a
1129 3304 1259 3364 nemine
1290 3309 1405 3363 tamen

318 3385 453 3446 nomine
480 3385 752 3469 congregationis
769 3389 821 3448 vel
846 3386 881 3448 S.
908 3386 1003 3448 Sedis
1026 3394 1266 3466 acceptantur:
1288 3404 1403 3464 quare,

318 3486 360 3527 ex
385 3469 553 3528 sententia
580 3466 615 3528 S.
634 3467 801 3529 Vincentii
821 3489 841 3530 a
867 3469 972 3529 Paulo
1002 3488 1119 3529 eorum
1143 3467 1306 3547 parentis,
1327 3467 1405 3528 deli-

318 3551 403 3611 nivit
429 3551 618 3611 Alexand-,r
638 3567 698 3626 Vll,
726 3551 785 3611 Br.
821 3550 1042 3611 ‘ixcororm'sso
1069 3550 1090 3614 ⁴,
1122 3571 1160 3612 22
1189 3557 1273 3630 sept.
1307 3555 1402 3628 1655:

321 3658 334 3685 «
352 3633 447 3692 Haec
461 3633 678 3710 congregatio
692 3632 734 3692 sit
748 3633 786 3692 de
800 3651 940 3711 corpore
954 3633 1034 3691 cleri
1047 3632 1221 3692 secularis.
1240 3659 1253 3686 »
1269 3633 1415 3694 Puellae‘

318 3733 400 3774 vero
416 3734 474 3774 seu
492 3714 633 3774 Sorores
650 3714 759 3774 dictae
776 3734 795 3773 a
809 3715 962 3787 caritate,
980 3715 1022 3772 ab
1036 3713 1151 3774 eodem
1169 3713 1205 3775 S.
1223 3713 1405 3776 Vincentio

314 3796 430 3878 jussae
447 3802 525 3855 sunt
540 3797 571 3855 in
589 3794 739 3874 singulos
755 3803 887 3856 tantum
903 3815 1010 3855 annos
1027 3815 1222 3878 nuncupare
1240 3805 1331 3860 vota.

362 3879 422 3943 57.
439 3877 578 3958 Proprie
595 3887 708 3937 autem
730 3877 855 3938 nomini
873 3877 898 3939 C
901 3877 1128 3958 ong‘regatt'onis
1149 3877 1312 3961 religiosae
1328 3880 1405 3942 sub·

348 4138 424 4185 lCsr.
438 4139 550 4196 Helyot,
563 4151 599 4195 op
621 4150 643 4182 ci
656 4141 674 4182 t.
686 4145 707 4182 8.
1020 4191 1024 4200 Ι
1381 4193 1385 4200 Ι

346 4198 441 4256 2Quot
451 4195 626 4254 requirantur
644 4195 678 4241 ad
697 4192 853 4251 hujusmodi
871 4197 1118 4250 congregationem,
1138 4191 1187 4239 cfr.
1208 4197 1406 4241 commentaria

317 4253 399 4312 hujus
410 4255 519 4311 regulae
531 4268 547 4300 a
559 4255 692 4308 Martene,
705 4252 779 4311 apud
793 4254 830 4317 M.
846 4253 875 4298 P.
891 4254 922 4316 b.
936 4259 953 4298 t.
967 4259 1005 4316 pb,
1019 4265 1042 4297 c.
1056 4258 1105 4303 465.
1119 4259 1171 4308 466.

346 4311 565 4360 ³M0nasterinm
578 4312 650 4358 istud
661 4325 755 4358 verum
774 4310 826 4357 fuit
844 4323 1021 4357 semmamum
1038 4308 1187 4356 Abbatum.
1208 4308 1264 4356 Clr.
1286 4310 1407 4371 Hergen·

317 4368 910 4433 rotheretc.Kirclrenlexr'con,v.'Hirschau.U
968 4425 972 4433 Ι
1067 4423 1072 4433 q
1112 4424 1116 4431 .
1156 4423 1160 4431 Ι
1195 4423 1199 4430 ,

346 4430 356 4462 4
368 4428 471 4474 Eodem
480 4427 556 4476 brevi
569 4429 647 4487 plene
659 4427 785 4476 eximitur
796 4427 832 4475 ab
844 4426 1054 4475 Ordinatiorum
1063 4423 1263 4484 Jtlrlsdlctlone.
1299 4435 1301 4438 ·
