3148 5004
166 454 303 534 [84-86]
510 474 546 508 us
561 461 718 510 vssrursr's
735 475 911 510 nsurerosust
1215 451 1256 514 55

171 629 173 634 ·
205 611 239 688 d)
253 612 299 676 Ut
312 611 488 674 sollemnia
500 617 582 674 vota
594 630 661 674 non
675 612 742 674 sint
753 612 947 674 essentialia
960 611 1063 674 statui
1084 611 1253 689 religioso,

164 695 366 756 accidentali
389 703 501 757 tamen
526 695 646 757 merito
668 703 843 768 praestare
866 693 994 777 possint
1018 694 1106 756 votis
1129 695 1255 777 simpli·

164 774 260 838 cibus
277 797 319 838 ex
336 777 473 858 cognita
486 778 614 860 majore
630 777 779 840 efficacia
794 786 828 839 et
845 777 1002 840 brmitate
1019 776 1046 848 ²;

207 861 238 937 e)
262 859 308 922 Ut
331 861 538 940 speculative
563 859 676 922 verior
701 861 744 921 sit
766 859 935 922 sententia
961 858 1142 939 probabilis
1168 878 1254 939 quae

166 947 268 1021 negat
296 942 389 1022 spacia
426 942 514 1004 inter
547 961 583 1004 se
614 941 747 1004 differre
784 952 925 1024 peccata
963 943 1137 1005 contraria
1172 950 1255 1004 voto
1326 951 1331 960 '

165 1024 319 1086 sollemni
330 1031 363 1086 et
377 1045 415 1086 ea
434 1044 521 1104 quae
536 1024 678 1106 simplici
693 1032 775 1087 voto
788 1027 1024 1088 adversantur.
1041 1023 1111 1088 Cir.
1129 1024 1253 1087 Lehm·
1287 1039 1290 1050 '

165 1107 263 1184 kuhl,
281 1123 304 1185 1,
322 1113 394 1187 385.
1051 1143 1052 1146 =

205 1214 268 1278 85.
286 1215 444 1294 Quaeres
459 1239 499 1278 an
514 1221 603 1278 hodie
616 1222 771 1278 sollemnia
787 1239 851 1278 esse
868 1222 981 1293 possint
995 1219 1081 1278 vota?
1105 1222 1107 1226 '

198 1306 258 1363 Res
267 1305 321 1363 fuit
331 1307 523 1380 aliquatenus
536 1317 738 1372 controversa,
753 1306 866 1378 ambigi
883 1316 984 1362 tamen
996 1307 1099 1379 nequit
1111 1307 1253 1379 cogitanti

159 1408 225 1448 esse
244 1391 274 1447 in
294 1391 445 1462 Ecclesiae
467 1400 614 1464 potestate
629 1390 787 1464 prudenter
799 1399 976 1464 temperare,
997 1400 1113 1447 servata
1134 1390 1252 1446 sollem-

159 1475 261 1534 nitate.
274 1492 325 1532 eos
334 1475 395 1531 voti
405 1474 561 1531 sollemnis
574 1472 696 1530 effectus
706 1474 756 1547 qui
770 1474 808 1530 ob
818 1475 904 1530 civile
914 1475 1047 1547 regimen
1061 1475 1163 1531 minus
1172 1474 1252 1531 vide-

158 1571 261 1616 rentur
270 1559 441 1632 opportuni.
453 1557 514 1616 Clr.
530 1577 559 1615 v.
571 1576 613 1630 gr.
630 1575 707 1631 quae
720 1569 831 1614 statuta
844 1569 923 1628 sunt,
935 1577 986 1632 per
996 1558 1026 1616 S.
1041 1558 1150 1631 Congr.
1162 1558 1250 1631 Prop.

162 1641 258 1713 Fidei,
271 1643 308 1700 de
328 1644 461 1700 statibus
482 1642 652 1700 Foederatis
665 1642 833 1712 Americae,
850 1657 882 1717 15
897 1641 969 1699 Dec.
987 1643 1066 1716 1840,
1088 1660 1106 1699 a
1126 1661 1157 1700 n.
1175 1659 1209 1700 10
1221 1653 1232 1680 ²
1241 1659 1256 1712 ;·

164 1743 340 1799 responsum
369 1725 422 1785 SS.
450 1726 562 1783 Leonis
599 1726 653 1798 Pp.
686 1743 742 1783 x111
774 1726 812 1782 ad
845 1725 951 1784 Emum.
984 1726 1250 1800 Arcbiepiscopum

164 1808 423 1879 Mechliniensem,
438 1810 534 1884 31jul.
552 1811 621 1884 1878
634 1819 655 1868 ³.

197 1894 387 1951 Authenticis
400 1906 531 1951 ceterum
553 1894 741 1950 documentis
753 1903 871 1951 constat
890 1893 1056 1951 Ecclesiam
1077 1895 1161 1967 plura
1182 1904 1252 1951 vota

160 1978 303 2036 hodierna
314 1996 365 2052 pro
376 1977 575 2035 sollemnibus
585 1979 703 2035 habere.
711 1976 771 2036 Clr.
779 1996 955 2051 responsum
965 1980 1098 2052 proxime
1111 1996 1249 2052 sequens.

202 2067 266 2131 86.
283 2067 444 2146 Quaeres
467 2089 506 2128 an
521 2071 630 2144 ubique
644 2071 764 2145 vigeant
779 2072 866 2129 hodie
881 2082 949 2128 vota
962 2073 1120 2128 sollemnia
1133 2072 1250 2145 religio·

163 2175 277 2216 sorum.

196 2252 234 2310 R.
259 2253 488 2310 Observandum
511 2252 591 2324 prius
609 2261 663 2322 est,
691 2269 727 2307 ex
752 2251 951 2307 ecclesiastica
969 2250 1135 2323 disciplina,
1159 2250 1249 2307 trium

162 2345 300 2392 votorum
319 2335 558 2394 substantialium
574 2354 670 2392 unum
685 2336 750 2393 sine
762 2336 821 2395 alio
841 2334 985 2391 sollemne
998 2350 1133 2389 essenon
1152 2349 1248 2406 posse,

160 2415 192 2474 S.
212 2417 327 2490 Paenit,
347 2420 383 2477 23
401 2436 470 2477 nov.
486 2419 555 2476 1818
569 2430 598 2477 et
618 2420 688 2478 1320
705 2430 727 2477 ⁴.
749 2418 851 2488 Porro,
867 2419 923 2474 hoc
947 2417 1060 2474 utimur
1084 2416 1248 2490 principio:

162 2511 242 2572 vota,
264 2503 320 2560 nisi
340 2503 487 2582 contraria
501 2502 554 2560 fiat
575 2501 798 2571 demonstratio,
819 2501 956 2559 habenda
974 2496 1038 2558 esse
1058 2517 1110 2573 pro
1131 2501 1249 2557 sollem-

159 2587 248 2643 nibus
260 2588 291 2644 in
306 2586 452 2645 institutis
464 2605 542 2662 quae
556 2606 626 2644 cum
640 2587 717 2643 votis
730 2585 926 2644 sollemnibus
944 2594 1014 2642 sunt
1035 2585 1207 2659 approbata,
1224 2584 1248 2640 si

158 2670 299 2728 modoad
312 2688 451 2728 normam
465 2672 714 2729 constitutionum
728 2671 758 2727 in
776 2671 818 2726 eis
833 2670 974 2743 dirigatur
984 2669 1053 2726 vita.

194 2752 298 2829 ltaque
310 2756 477 2828 separanda
488 2765 532 2812 est
548 2773 638 2812 causa
652 2757 781 2812 virorum
795 2772 813 2811 a
828 2755 1005 2812 monialium
1017 2771 1118 2810 causa.

195 2837 283 2914 Quod
301 2841 339 2896 ad
359 2835 450 2909 viros,
472 2856 532 2895 non
557 2857 618 2896 uno
643 2840 759 2897 decreto
789 2837 922 2895 Ecclesia
944 2837 1076 2911 agnovit,
1101 2837 1190 2893 etiam
1218 2836 1248 2892 in

161 2925 268 2980 nostris
285 2925 427 2997 partibus,
442 2942 508 2981 esse
528 2924 686 2981 sollemnia
700 2942 803 2981 eorum
820 2933 900 2993 vota,
915 2925 1025 2979 nedum
1045 2922 1145 2995 aliquo
1158 2922 1248 2978 docu-

159 3017 262 3063 mento
275 3018 390 3066 constet
404 3027 440 3065 ea
455 3007 533 3065 sacta
547 3025 612 3066 esse
628 3009 785 3082 simplicia.

171 3159 175 3166 ⁴
196 3088 283 3164 Quod
296 3093 333 3148 ad
346 3087 500 3162 moniales,
516 3110 555 3148 ex
568 3093 702 3165 pluribus
714 3093 862 3165 rescriptis
881 3092 927 3148 vel
940 3091 1065 3148 decretis
1079 3089 1247 3163 Congrega-

161 3172 277 3230 tionum
290 3187 410 3247 apparet
424 3193 528 3232 earum
550 3176 634 3232 nulla
653 3186 723 3233 vota
742 3194 806 3233 esse
824 3175 997 3232 sollemnia:
1009 3179 1038 3236 al
1052 3174 1082 3229 in
1100 3171 1207 3239 Gallia,
1223 3171 1247 3227 si

156 3257 262 3316 demas
279 3256 460 3328 Sabaudiam
479 3271 510 3316 et
529 3261 706 3317 comitatum
725 3259 908 3329 Nicensem;
929 3258 960 3334 b)
979 3259 1009 3314 in
1031 3257 1134 3328 Belgio
1140 3274 1148 3325 ;
1169 3258 1196 3330 c)
1216 3256 1246 3312 in

156 3340 472 3401 StatibusFoederatis
487 3344 654 3414 Americae,
675 3345 699 3402 si
724 3354 863 3418 quattuor
883 3350 894 3389 ⁵
914 3343 1043 3415 excipias
1066 3340 1247 3397 monasteria

158 3427 335 3484 monialium
359 3427 569 3486 aVisitatione
594 3428 628 3485 B.
654 3429 696 3486 M.
721 3428 758 3486 V.
783 3429 847 3504 jam
874 3436 970 3484 erecta
993 3442 1063 3484 cum
1085 3424 1180 3480 latum
1203 3433 1247 3479 est

157 3509 319 3569 decretum.
334 3509 394 3570 cn.
415 3509 553 3583 Bizzarri,
568 3530 597 3586 p.
608 3513 672 3588 778,
684 3528 747 3587 791.

159 3653 238 3662 ----.

158 3741 326 3792 Clericorum
337 3746 506 3804 regularium
526 3746 687 3796 Scholarum
705 3745 810 3806 piarum
823 3747 862 3794 rC.
877 3744 908 3791 In
925 3750 1038 3808 supremo,
1054 3750 1079 3790 18
1091 3755 1154 3807 nov.
1170 3744 1243 3796 1621).

157 3801 268 3859 Contra,
277 3803 367 3852 voluit
378 3803 505 3852 Clemens
516 3819 552 3861 ιιι,
565 3807 596 3853 C.
609 3805 650 3852 Ex
662 3806 746 3859 datrto,
762 3812 774 3850 3
785 3817 829 3861 ap.
848 3819 912 3858 17¹0,
926 3803 1018 3849 iterari
1030 3808 1093 3848 vota
1105 3814 1132 3846 ιιι
1145 3801 1201 3849 Con
1221 3813 1243 3848 r.

157 3858 409 3918 Bethleemitarum,
432 3876 496 3910 cum
507 3877 568 3911 earn
579 3862 644 3910 fecit
660 3862 791 3910 Ordinem
809 3859 973 3921 religiosum.
987 3857 1098 3908 stetere
1107 3857 1181 3917 apud
1230 3871 1252 3905 ε’

156 3917 278 3976 Angelis,
291 3917 319 3966 in
331 3919 348 3966 l.
363 3927 384 3976 3,
402 3928 419 3968 t.
435 3929 471 3976 31,
484 3940 507 3977 4,
519 3935 545 3980 p.
560 3929 587 3977 78
597 3935 637 3980 sq.

182 3993 190 4025 ¹
201 3990 397 4048 Nihilominus,
411 3993 478 4052 quia
491 3994 566 4041 Ordo
575 3993 666 4040 minus
676 3990 814 4052 obligatur
825 4005 888 4050 erga
899 3991 1037 4049 simpliciter
1045 3990 1206 4048 professum,
1216 3989 1245 4037 iu

154 4047 321 4106 professione
340 4049 393 4098 ista
410 4051 498 4099 inesse
516 4060 605 4110 potest
621 4065 652 4098 ex
670 4051 722 4098 hac
740 4058 817 4108 parte
834 4049 920 4106 major
936 4047 1096 4104 liberalitas,
1112 4055 1141 4095 ut
1153 4055 1244 4095 censet

153 4107 255 4158 Suarez
266 4106 301 4154 de
312 4108 383 4156 votis
393 4108 631 4164 scholasticorum,
642 4108 736 4155 DeRel.
751 4115 783 4155 tr.
795 4124 830 4163 ιο,
844 4107 860 4153 l.
875 4113 897 4162 3,
909 4119 934 4154 c.
949 4125 971 4163 2,
984 4121 1010 4153 n.
1024 4123 1045 4154 2.

180 4175 258 4225 ²Cfr.
271 4177 399 4227 Collertan.
412 4181 487 4238 Prop.
499 4179 559 4227 Fid.
572 4195 599 4226 n.
615 4188 679 4236 1627.

179 4245 282 4304 ³Apud
294 4247 409 4303 Matres,
422 4249 459 4295 De
472 4250 584 4304 Jrrstr'tr'a,
597 4253 615 4296 t.
628 4267 649 4303 1,
664 4247 690 4307 p.
704 4265 756 4304 440,
769 4246 813 4294 vel
825 4246 896 4293 inter
907 4245 1072 4294 documenta
1084 4247 1139 4294 vol.
1153 4264 1174 4296 2.

165 4321 170 4362 ἰ
180 4316 192 4349 ⁴
202 4315 284 4374 Apud
295 4315 430 4375 carriere,
442 4319 585 4377 Dejusritr‘a
596 4319 685 4378 rejure,
699 4324 750 4366 223.

152 4382 288 4502 sstplssppnst
308 4400 423 4436 numero
441 4389 573 4450 quinque,
592 4389 640 4438 sed
661 4402 755 4445 unum,
778 4386 807 4436 in
827 4389 888 4437 loco
909 4386 1068 4444 Kastkakia‚
1099 4385 1181 4436 hodie
1202 4392 1242 4436 est

255 4468 266 4490 s
284 4459 339 4494 um.

1325 1263 1471 1314 Essradlur

1308 1328 1405 1383 possunt
1415 1329 1470 1369 voto

1311 1381 1451 1432 sullrmm'a;

1329 2111 1350 2158 Α
1354 2125 1366 2157 c
1378 2125 1401 2158 re
1411 2126 1464 2160 uera

1304 2176 1367 2216 sunt.

1317 2882 1388 2940 Apud
1396 2885 1461 2932 viros

1302 2940 1392 2999 ultique.
1434 2991 1436 2996 ,

1331 3136 1353 3181 Α
1357 3135 1402 3194 pud
1411 3151 1461 3190 mo·

1303 3193 1378 3239 m'crles
1415 3209 1462 3241 non

1303 3251 1392 3310 ubique.
