3134 5016
313 413 374 474 340
706 434 774 468 raas
789 434 873 472 noun.
891 434 1016 470 capuan

313 566 541 647 Congregatio
556 566 704 630 fidelium
722 566 764 629 ad
781 567 852 648 pias
868 575 901 628 et
915 569 1056 632 devotas
1073 566 1279 629 exercendas
1295 563 1403 626 actio·
1489 633 1496 644 ,
1552 523 1553 568 ³

313 669 372 712 nes
390 649 412 711 ¹.
426 649 521 712 Haec
537 649 641 730 igitur
653 669 695 711 ex
705 649 819 730 pietate
835 653 889 712 vel
904 650 1033 712 caritate
1046 650 1234 724 christiana
1250 646 1345 726 quasi
1360 665 1404 707 ex

312 733 417 812 stirpe
430 732 594 809 nascitur,
600 730 724 812 fineque
735 731 861 812 speciali
871 732 1005 794 fovendi
1018 734 1165 812 aliquam
1175 730 1400 806 devotionem,

313 814 496 896 peragendi
508 834 592 895 opus
609 813 745 896 bonum,
764 814 981 894 distinguitur
997 835 1017 876 a
1032 814 1150 877 Tertio
1174 813 1310 890 Ordine,
1334 831 1402 892 quo

313 899 385 978 ipsa
403 897 567 958 sodalium
580 897 714 977 justitia
731 897 837 977 magis
853 897 979 958 directe
992 897 1188 958 intenditur.

120 996 256 1052 Confranr-
317 1009 321 1016 ·
354 1002 384 1042 2.
406 979 484 1041 Vera
499 989 612 1040 autem
627 973 875 1058 Confratcrnitas
887 981 1047 1062 postulat,
1061 991 1197 1060 praeter
1209 975 1401 1058 hujusmodi

99 1059 165 1104 ”im
175 1069 239 1102 vera.
304 1060 413 1142 finem,
431 1062 610 1141 canonicam
625 1067 723 1122 coctus
738 1064 926 1138 erectionem,
945 1079 1011 1142 qua
1023 1062 1082 1123 fiat
1099 1079 1243 1142 persona
1255 1057 1400 1140 juridica

128 1313 192 1376 Quid
204 1317 258 1375 piae

97 1377 216 1422 societates
225 1373 238 1420 ἒ

117 1984 257 2055 ⁸Corrsrater·

98 2051 199 2093 mlalum
214 2059 258 2091 an-

100 2105 206 2162 tr'quiias,

129 2557 229 2604 Genera.

123 2791 259 2852 Consraler-

92 2851 258 2903 ,nitatesstric

99 2907 191 2955 letales.

123 3207 183 3254 Late
193 3206 258 3255 tales.

313 1163 374 1205 nec
385 1144 456 1225 jam
470 1145 634 1206 sodalium
651 1163 818 1206 consensu
834 1143 1050 1218 dissolvatur,
1065 1155 1098 1204 et
1106 1142 1269 1224 propriam
1284 1139 1398 1217 sedem,

312 1233 394 1286 cerlo
406 1224 481 1303 loco,
499 1226 642 1287 ecclesia
660 1227 711 1286 vel
727 1227 813 1288 adeo·
827 1228 931 1289 altari
945 1225 1178 1289 constitutam.

354 1307 417 1369 His
438 1318 518 1369 tunc
542 1307 630 1368 notis
654 1308 875 1388 distinguitur
898 1309 940 1369 ab
963 1308 1037 1370 aliis
1062 1307 1225 1380 coetibus,
1243 1304 1311 1384 qui,
1332 1303 1400 1364 etsi

312 1390 456 1467 fortasse
473 1391 671 1470 quibusdam
695 1391 810 1452 donati
833 1399 912 1452 sunt
931 1391 1160 1470 indulgentiis,
1178 1407 1270 1450 mere
1287 1396 1400 1448 tamen

313 1481 403 1551 sunt,
422 1472 544 1533 diserte
561 1473 614 1532 vel
630 1473 744 1550 tacite,
762 1473 951 1554 approbati,
969 1480 1071 1552 atque
1085 1472 1255 1533 sociorum
1270 1489 1399 1548 perma-

313 1562 413 1617 nente
431 1573 597 1615 consensu
622 1574 761 1633 prorsus
784 1556 953 1616 exsistunt
982 1555 1083 1617 Tales
1107 1574 1175 1615 una
1199 1553 1418 1633 quandoque

313 1636 477 1698 sodalium
504 1639 680 1697 voluntate
707 1635 875 1699 exsistunt
891 1639 915 1712 ²,
942 1639 1085 1717 positive
1110 1644 1225 1698 autem
1255 1635 1399 1716 probare

313 1722 366 1778 tel
382 1718 560 1799 prohibere
576 1719 613 1779 in‘
622 1726 790 1798 potestate
803 1729 854 1780 est
871 1719 1051 1782 Ordinarii.
1069 1719 1142 1780 Hos
1154 1736 1263 1799 ‘porro
1284 1721 1400 1778 coetus

313 1802 525 1862 nominamus
534 1800 606 1881 pias
620 1805 786 1880 societates,
802 1804 841 1863 de
853 1801 959 1882 iisque
972 1802 1055 1863 nihil
1071 1809 1250 1882 praeterea
1260 1798 1401 1861 *videtur

313 1883 502 1944 dicendum.
646 1905 649 1911 ·
716 1901 720 1908 ’
765 1905 781 1935 s
831 1920 832 1924 =
1024 1913 1026 1916 ·
1274 1931 1278 1942 .

317 1997 320 2004 r
357 1968 443 2030 543.
478 1965 607 2027 Primas
644 1964 939 2027 confraternitates
977 1966 1127 2030 nonnulli
1164 1968 1322 2045 repetunt
1357 1961 1400 2022 ab

313 2045 494 2109 Ordinibus
510 2047 801 2123 Mendicantibus;
820 2050 877 2109 sed
889 2049 958 2130 jam
975 2069 1042 2111 sec.
1057 2071 1073 2128 5
1093 2050 1240 2124 ineunte,
1257 2047 1400 2107 Alexan-

314 2130 405 2192 driae
432 2132 559 2192 exstitit
585 2129 776 2193 sodalitium
796 2129 1058 2211 parabolanoram
1080 2131 1113 2200 ³:
1142 2131 1257 2206 imm0,
1282 2129 1315 2189 a⁰
1341 2132 1400 2206 336

314 2213 461 2274 occurrit
477 2210 768 2294 Constantinopoli
792 2214 989 2275 sodalicium
1020 2231 1038 2268 «·
1058 2214 1099 2274 ad
1128 2212 1337 2294 peragendas
1367 2231 1400 2270 in

314 2295 482 2357 communi
512 2296 660 2357 omnium
690 2296 866 2374 exsequias
898 2318 935 2370 »3
968 2303 1069 2376 atque
1098 2296 1200 2357 etiarn
1230 2294 1401 2358 saeviente

314 2380 558 2458 persecutione,
576 2377 705 2458 'collegia
719 2377 906 2453 supersticio
921 2379 1094 2441 Ecclesiae
1112 2378 1317 2439 christianae
1329 2375 1399 2457 jam

310 2461 452 2540 juridice
468 2469 546 2520 sunt
562 2461 677 2538 agnita
708 2459 932 2537 Cfr.We1·nz,
950 2482 983 2523 n.
1001 2481 1073 2542 704.
1092 2477 1138 2522 1v.

358 2543 445 2605 544.
477 2541 521 2604 Ut
549 2541 721 2622 potissima
751 2543 934 2604 indicemus
964 2563 1095 2622 genera
1131 2543 1163 2605 in
1201 2559 1285 2620 quae
1312 2555 1399 2598 verae

315 2624 509 2702 partiuntur
525 2623 845 2686 confraternitates:
905 2622 907 2626 ’
1330 2623 1332 2626 ’

359 2727 387 2767 1.
414 2705 480 2765 Pro
503 2705 599 2765 varia
622 2705 862 2767 constitutione
885 2706 1056 2784 interiore,
1075 2701 1392 2769 Conlraternitates:

356 2790 388 2864 a)
407 2786 509 2854 Aliae,
530 2787 735 2855 stricte-*teles
751 2794 830 2850 sunt
843 2791 984 2869 collegia
997 2809 1071 2851 cum
1085 2789 1227 2868 quadam
1241 2781 1395 2846 interiore

315 2867 507 2930 hierarchia
519 2871 560 2930 ad
575 2870 711 2931 modum
724 2871 872 2950 organici
886 2873 1036 2953 corporis
1049 2871 1244 2944 constituta,
1259 2883 1399 2946 quorum

315 2951 446 3012 sodales
463 2952 598 3032 proprio
613 2953 646 3012 in
659 2971 786 3033 pompis
802 2962 835 3014 ct
852 2954 1049 3015 ceremoniis
1069 2953 1254 3014 induuntur
1272 2947 1398 3017 habitu,

311 3033 370 3112 qui
387 3035 487 3114 vulgo
502 3053 588 3096 sacco
604 3038 803 3115 appellatur.
822 3037 1023 3115 Hujusmodi
1039 3037 1208 3097 habentur
1224 3035 1351 3096 Romae
1367 3043 1401 3090 et

315 3117 348 3176 in
365 3117 473 3195 Italia,
492 3117 524 3178 in
541 3119 665 3179 nostris
682 3138 763 3179 vero
779 3119 931 3200 partibus
948 3118 1017 3179 lere
1034 3120 1247 3198 ignorantur.
1313 3125 1322 3131 “

309 3224 311 3232 ’
356 3200 388 3268 b)
400 3200 504 3274 Aliae,
519 3199 596 3262 licet
608 3203 710 3262 etiam
725 3200 1052 3262 Conlraternitatum
1068 3219 1188 3261 nomen
1200 3198 1399 3270 sortiantur,

311 3289 385 3342 non·
402 3302 480 3343 raro
499 3282 569 3363 jam
592 3283 703 3362 potius·
727 3283 883 3344 dicuntur
906 3282 1176 3364 Congregotioncs,
1201 3279 1400 3348 Sodatitotcs,
1429 3328 1431 3332 .

314 3369 372 3424 s'eu
398 3363 700 3437 Conl'raternitates
726 3363 787 3424 late
809 3365 883 3426 tales
912 3367 936 3428 ⁴.
965 3367 1115 3447 Quarum
1151 3365 1330 3425 nonnullae
1359 3359 1402 3420 ad

310 3446 449 3527 'priores'
460 3448 542 3506 satis
565 3447 741 3523 accedunt,
760 3448 802 3508 ob
819 3455 999 3509 consuetos
1013 3467 1050 3508 so
1065 3447 1176 3509 talium
1200 3449 1398 3517 conventus,

313 3531 508 3590 sollemnem
524 3529 748 3607 cooptationis
765 3529 865 3592 ritum
889 3541 922 3591 et
946 3531 1113 3610 quandam
1131 3527 1399 3590 consiliariorum

313 3611 522 3683 electionem,
551 3612 659 3672 minus
683 3620 797 3673 tamen
820 3617 888 3673 arto
912 3615 1047 3674 vinculo
1074 3612 1205 3673 sodales
1229 3609 1399 3689 colligant.

314 3691 400 3754 Sunt
427 3693 540 3769 ctiam,
556 3711 653 3772 quae,
671 3701 811 3775 excepta
828 3696 991 3756 canonica
1007 3695 1188 3770 erectione,
1206 3692 1313 3772 magis
1328 3689 1401 3772 pias

313 3775 493 3836 societates
519 3773 706 3853 imitantur,
735 3796 811 3838 cum
837 3777 909 3838 sine
936 3776 1128 3838 necessario
1156 3793 1341 3854 congressu
1368 3776 1402 3832 et

343 4046 349 4078 ¹
363 4044 405 4090 Ita
415 4041 471 4089 fere
484 4042 655 4092 Pellizarius.
670 4045 685 4090 l.
700 4059 723 4092 c.
737 4060 764 4092 n.
779 4053 828 4092 160.

340 4101 416 4148 ectr.
431 4099 572 4152 Scherer.l
593 4118 616 4148 c.
632 4117 637 4157 ;
652 4104 761 4158 Wernz,
774 4118 798 4149 n.
813 4119 864 4160 704·
1349 4155 1354 4164 ,

313 4196 316 4200 .
339 4160 387 4206 ³1.
406 4172 428 4206 e.
450 4159 601 4206 Hominum
618 4161 709 4218 ipsius·
722 4161 795 4208 vitae
816 4160 1001 4219 profusorem.
1021 4175 1083 4208 cum
1102 4161 1191 4220 parati
1212 4162 1303 4216 essent
1320 4163 1402 4209 etiam

312 4215 441 4276 pestilera
452 4217 497 4264 lue
508 4216 615 4264 inlesus
626 4219 767 4276 opitulari.
782 4218 838 4266 Cir.
852 4219 982 4277 Beringer
993 4221 1010 4266 l.
1021 4231 1044 4266 e.
1058 4223 1070 4278 ἓ
1082 4237 1103 4267 2.

339 4275 418 4322 terr.
432 4275 459 4322 S.
472 4272 502 4323 C.
517 4276 623 4332 Indulg.
642 4284 669 4322 26
688 4289 750 4324 nov.
767 4283 828 4326 1880.
847 4277 893 4332 ad,
907 4284 918 4323 3
930 4278 1010 4324 lDecr.
1027 4278 1093 4323 attile.
1107 4293 1133 4324 n.
1150 4278 1217 4334 453);
1237 4275 1310 4322 Decr
1330 4272 1403 4322 Urbis

310 4338 331 4378 et
346 4332 428 4437 (5)νὸἰῆ
440 4340 467 4396 2¹5
483 4346 546 4381 nov.
561 4342 624 4392 1897.
642 4335 662 4380 Α
688 4335 716 4381 S.
735 4335 764 4381 S.
778 4343 796 4382 t.
815 4341 852 4390 30,
865 4349 893 4392 p.
911 4342 963 4392 276.
983 4333 1038 4382 Cir.
1058 4333 1142 4383 etiam
1159 4335 1298 4395 Beringer‚
1316 4346 1360 4392 op.
1377 4345 1392 4378 c

311 4404 337 4448 p.
365 4407 401 4438 oo.
