3148 5004
120 2198 271 2257 Principium

109 2256 222 2316 generale.

110 2337 226 2414 Novitiae
239 2371 272 2413 aesl

111 2424 228 2484 regularis
238 2423 271 2470 la·

111 2488 135 2530 to
145 2496 221 2530 sensu.

139 2682 258 2731 Immum's

111 2742 255 2800 obligatione

110 2805 225 2847 votorum.

141 2907 272 2958 Commoda

109 2969 193 3029 quibus
210 2965 273 3034 frui·

97 3039 99 3043 ’
111 3033 150 3074 tur
158 3032 272 3073 novellus:

113 3108 272 3166 Privilegium

110 3165 160 3237 lori
168 3170 189 3213 el
200 3180 271 3215 cano·

110 3241 163 3279 ηις,-

109 3309 273 3368 Indulgentiae

111 3367 215 3417 Ordinis
250 3371 271 3414 el

106 3425 248 3487 privilegio:

115 3507 271 3576 „indulgentia

109 3581 135 3614 m
145 3579 264 3624 ingressu:

123 3719 271 3787 Jurisdictio

106 3783 218 3836 gratiosa

108 3835 234 3887 Praelalil

627 457 695 494 PARS
711 458 834 507 ounurl.
850 459 945 496 SECTIO
960 461 990 496 11.
1007 461 1098 498 CAPUT

744 639 940 722 CAPUT
967 641 1004 720 ll

451 852 506 916 DE
531 851 739 920 tuntulcts
762 853 1026 921 uovtrronuu
1050 855 1300 924 nlrtoutsus

325 1057 496 1124 Passerini,
507 1059 546 1114 De
558 1059 711 1116 Hominum
720 1060 849 1123 statibus,
861 1060 881 1113 1.
893 1061 917 1124 3,
929 1061 960 1114 in
971 1061 995 1123 2,
1007 1061 1031 1125 2,
1044 1075 1068 1130 q.
1082 1063 1138 1126 189,
1147 1063 1200 1116 an.
1213 1065 1253 1128 10,
1264 1078 1290 1132 p.
1300 1064 1350 1120 580
1360 1079 1421 1133 sqq.

357 1133 483 1203 suarez,
504 1137 543 1192 De
567 1138 718 1206 Relipione,
738 1138 772 1190 tr.
796 1140 818 1202 7,
836 1139 854 1192 1.
870 1145 894 1202 5,
916 1154 939 1192 0.
959 1140 988 1192 11
1008 1139 1037 1192 01
1058 1154 1082 1193 0.
1101 1140 1146 1204 16;
1164 1145 1199 1194 tr.
1217 1142 1241 1205 8,
1259 1143 1277 1196 1.
1296 1144 1319 1207 2,
1331 1157 1353 1197 0.
1373 1145 1420 1198 17;

357 1213 506 1282 Senones,
525 1216 559 1270 ln
577 1217 755 1285 Decolopum,
776 1217 834 1280 17,
853 1233 875 1271 0.
895 1220 955 1282 1-7;
972 1219 1169 1288 Pellizarr‘us,
1189 1222 1323 1279 Manuale
1340 1239 1420 1292 reon-

360 1291 475 1360 loriom,
490 1294 524 1348 tr.
536 1295 560 1357 2,
573 1309 596 1348 c.
615 1296 675 1360 6-9;
690 1297 848 1364 Rotarius,
869 1297 1017 1365 Theoloplo
1035 1299 1151 1354 moralis
1163 1301 1352 1368 nonnullum,
1365 1303 1382 1355 l.
1395 1303 1419 1366 2,

358 1385 381 1422 o.
391 1373 415 1434 4,
427 1387 453 1440 p.
462 1373 486 1425 6.
496 1376 525 1437 7;
538 1375 751 1440 Reitlenstuel‚
763 1375 794 1427 ln
802 1375 820 1428 l.
828 1376 852 1438 3,
862 1375 881 1428 1.
894 1376 934 1438 31,
946 1389 974 1428 n.
988 1376 1109 1440 109-1573
1122 1377 1415 1448 Solimolzpruoher,

357 1451 388 1503 ln
399 1451 417 1504 l.
430 1453 454 1514 3,
466 1452 485 1505 t.
498 1453 539 1516 31,
548 1467 576 1506 n.
587 1453 688 1506 77-148.
700 1454 857 1520 sonorior,
870 1453 1103 1521 lurisprudentio
1115 1456 1348 1512 canonico-civilis
1358 1457 1377 1510 t.
1390 1458 1413 1521 2,

357 1543 383 1597 μ
407 1530 464 1594 284,
484 1531 545 1596 285;
569 1532 681 1599 Bouirr,
706 1533 746 1587 De
766 1535 835 1588 lure
858 1532 1050 1601 neptunum,
1065 1532 1084 1586 1.
1098 1535 1120 1597 1,
1132 1548 1158 1602 p.
1171 1533 1294 1598 5836023
1311 1535 1413 1601 Melet,

358 1610 398 1664 De
417 1609 568 1666 Ordinibus
578 1613 604 1666 el
615 1611 782 1679 congregat.
796 1625 823 1664 n.
838 1612 931 1676 79-81;
948 1612 1027 1680 Fiat,
1041 1613 1244 1669 Productiones
1251 1613 1326 1680 juris
1338 1629 1417 1682 repu-

344 1688 437 1754 leris,
460 1689 515 1751 tl,
536 1703 562 1756 p.
581 1691 629 1742 114
650 1701 705 1753 ss.;
724 1692 897 1758 Angelusa
915 1689 966 1745 SS.
987 1691 1097 1757 Corde,
1121 1692 1263 1754 Manuale,
1283 1692 1337 1746 eto.
1353 1693 1374 1746 1.
1394 1694 1417 1756 1,

357 1779 384 1832 p.
406 1766 531 1830 132-140;
553 1767 890 1834 Ballerini-Palmieri
913 1769 986 1836 opus
999 1769 1191 1838 theologicum,
1206 1770 1225 1823 1.
1237 1772 1262 1835 3,
1274 1771 1309 1824 tr.
1321 1772 1345 1836 8,
1356 1785 1382 1839 p.
1393 1773 1417 1836 3,

359 1858 381 1897 o.
394 1845 418 1908 2,
426 1858 453 1898 n.
464 1845 520 1908 731,
532 1859 592 1912 sqq.

488 1994 511 2093 ’1
542 2022 574 2076 1.
605 1997 675 2077 De
700 1997 754 2076 N
755 1996 979 2078 ovilr'ornm
1006 1995 1244 2079 condicione

371 2178 459 2243 192.
478 2199 505 2242 1.
528 2176 597 2238 Suo
615 2176 647 2238 in
663 2175 860 2245 institutum
883 2176 1106 2258 approbatum
1123 2176 1288 2256 ingressu,
1308 2175 1417 2260 reipsa

326 2259 363 2323 fit
386 2259 534 2323 novitius
549 2259 914 2340 personoecolesiastica,
931 2267 976 2336 et,
994 2259 1022 2320 si
1037 2258 1234 2321 Institutum
1258 2258 1301 2320 sit
1325 2258 1416 2321 Ordo

326 2363 441 2424 presse
464 2343 585 2416 dictus,
608 2340 774 2423 regularis,
799 2344 869 2404 lato
891 2361 1004 2419 sensu,
1029 2343 1076 2404 ita
1102 2349 1216 2403 tamen
1244 2353 1282 2404 ut
1305 2341 1416 2424 potius

328 2423 487 2487 eornmoda
503 2425 629 2485 sentiat
646 2423 742 2486 istius
760 2432 871 2487 status
883 2443 984 2504 quam
1001 2443 1105 2488 onero.

370 2507 422 2568 lta
445 2505 654 2582 communis;
673 2513 706 2568 et
730 2508 894 2587 probatur
920 2528 961 2569 ex
983 2507 1087 2569 variis
1110 2506 1252 2586 quaein
1276 2505 1353 2587 jure
1375 2505 1416 2568 de

328 2587 466 2650 novitiis
479 2594 689 2650 statuuntur.

369 2693 399 2734 2.
413 2671 513 2732 Nullo
522 2673 578 2750 per
589 2690 620 2730 se
631 2676 767 2731 tenetur
778 2669 926 2732 novitius
938 2677 1020 2733 voto
1034 2692 1041 2748 ;
1059 2671 1145 2734 etde
1160 2671 1257 2733 bonis
1279 2669 1349 2732 suis
1359 2674 1416 2751 per

326 2760 415 2814 seut
440 2759 519 2813 ante
549 2755 640 2814 valet
662 2752 850 2834 disponere,
880 2752 907 2814 si
936 2755 1077 2817 vetitam
1107 2775 1128 2816 a
1154 2774 1184 2817 c.
1204 2753 1414 2816 ¹Tridentino

327 2835 442 2896 demas
464 2833 755 2896 renunciationem
771 2837 947 2898 bonorum.
1278 2867 1279 2871 ,

374 2919 459 2982 193.
477 2919 581 2996 Quod
599 2921 643 2979 ad
660 2921 848 2979 commoda
864 2927 983 2980 status
1000 2919 1165 3000 religiosi:
1188 2965 1190 2970 ,

373 3022 400 3062 1.
417 2999 544 3062 Novitii
566 3000 770 3082 participant
793 3001 1005 3083 privilegium
1029 3002 1092 3064 lori
1108 3009 1141 3064 et
1157 3001 1308 3078 canoniS,
1326 3021 1368 3064 ex
1382 3020 1412 3062 c.

328 3081 500 3163 Religioso
517 3104 567 3160 21,
585 3083 601 3164 ᾗ
619 3083 793 3176 Quamvis,
811 3082 848 3144 de
863 3083 948 3146 Seni.
967 3085 1048 3148 Exe.
1064 3084 1097 3146 in
1113 3085 1146 3147 6⁰
1162 3088 1209 3165 (v.
1228 3085 1290 3161 11).

369 3188 400 3229 2.
424 3166 600 3228 Fruuntur
634 3165 850 3246 indulgentiis
873 3168 925 3228 sui
947 3167 1097 3230 Instituti
1124 3175 1157 3228 et
1183 3167 1285 3229 etiam
1312 3165 1413 3248 privi-

327 3248 434 3329 legiis
450 3247 513 3310 nisi
528 3250 614 3311 haec
627 3249 708 3310 solis
720 3247 880 3330 professis
896 3249 1021 3311 fuerint
1038 3269 1212 3313 concessa.

369 3353 399 3410 3.
423 3331 487 3394 Die
510 3351 578 3412 qua
595 3331 831 3412 ingrediuntur
848 3331 1056 3412 Religionem
1080 3331 1286 3394 ¹lucrantur
1307 3330 1413 3392 indul·

326 3415 474 3493 gentiam
486 3414 838 3497 plenariam.Paul.V,
849 3413 987 3476 C.Rom.
997 3413 1157 3494 Pontifex,
1172 3437 1210 3494 23
1226 3413 1306 3477 Maii
1324 3418 1412 3476 1606.

326 3496 402 3639 gloc
425 3516 485 3578 per
510 3517 546 3558 se
572 3497 744 3579 proprium
772 3503 824 3558 est
848 3496 1055 3560 novitiorum
1083 3497 1267 3580 Religionis
1297 3514 1412 3580 presse

350 3587 448 3641 ictae.

366 3684 398 3742 4.
418 3660 502 3722 Cum
518 3659 598 3742 ipsis
613 3667 756 3741 possunt
770 3661 919 3724 Praelati
931 3661 980 3723 uti
996 3661 1065 3724 suis
1082 3659 1264 3745 privilegiis
1280 3660 1412 3742 dispen-

326 3741 422 3804 sandi
435 3762 455 3803 a
471 3745 572 3818 votis,
578 3743 727 3824 jejuniis,
737 3743 976 3806 observatione
992 3744 1168 3821 festorum,
1183 3742 1379 3806 absolvendi
1391 3763 1412 3804 a

325 3825 522 3887 reservatis
536 3824 606 3886 Nec
620 3825 805 3906 requiritur
819 3826 987 3891 Ordinarii
1001 3826 1201 3909 approbatio
1216 3845 1278 3908 pro
1294 3844 1412 3888 eorum

216 3983 219 3990 ⁴
244 3933 248 3940 ·
326 3906 550 3970 confessione.

355 4107 363 4140 1
386 4103 526 4162 Scriptum
547 4103 613 4164 legis
636 4103 674 4151 ita
694 4097 783 4159 sonat,
807 4107 819 4159 1
842 4110 871 4153 5:
895 4121 903 4148 ι
927 4102 1063 4152 Omnibus
1084 4102 1185 4153 Christi
1212 4099 1341 4150 fidelibus
1364 4101 1410 4162 qui

325 4161 459 4211 canonice
471 4167 498 4208 et
505 4161 583 4221 juxta
599 4161 708 4209 ordines
719 4159 867 4219 cujuslibet
877 4161 1029 4222 Religionis
1040 4169 1067 4210 et
1077 4161 1295 4210 Constitutiones
1305 4172 1411 4226 nposto

325 4221 393 4268 licas
404 4217 530 4267 habitum
538 4221 690 4278 regularem
701 4232 718 4266 a
734 4218 862 4278 legitimis
872 4217 1062 4279 superioribus
1074 4233 1159 4268 causa
1169 4217 1313 4279 profitendi
1327 4217 1411 4266 millo

325 4277 506 4336 susceperint,
526 4277 564 4324 dle
576 4281 655 4338 primo
672 4279 793 4342 ingressus·
808 4277 835 4324 in
852 4277 940 4336 ipsam
959 4277 1126 4337 religionem.
1151 4294 1159 4322 1
1180 4277 1255 4326 Hinc
1273 4275 1411 4342 colligitur

325 4335 524 4392 indulgentiam
545 4335 673 4394 conjungi
696 4335 843 4393 ingressui:
865 4335 936 4394 exigi
960 4341 1052 4384 autem
1073 4334 1184 4384 habitus
1209 4340 1410 4393 susceptionem

323 4400 471 4498 puptenps,
482 4407 514 4440 ex
527 4391 588 4451 jure
604 4393 743 4440 communi
755 4393 799 4440 vel
815 4391 1074 4452 Constitutionibus,
1091 4392 1189 4443 novitii
1202 4391 1279 4442 illum
1296 4393 1410 4440 induere

342 4464 356 4496 e
378 4463 450 4498 ean.
