3142 5004
160 427 344 510 [295-298]
421 450 458 486 oa
473 449 705 486 osuronrroxraus
721 448 857 486 numerosi
874 448 1000 485 rnonnssr
1190 421 1250 486 173

158 587 276 651 Solent
302 587 391 651 onim
417 609 492 653 esse
518 589 645 653 monita
670 595 802 653 tantum
834 588 954 671 quibus
981 588 1178 672 plerumque
1205 585 1248 649 ad

159 669 314 739 strictum
330 679 547 758 praeceptum
565 692 631 735 non
649 671 838 738 devenitur.
1072 673 1074 678 ’

200 756 262 830 Qut
278 756 403 839 rumpit
419 757 590 821 eommunia
614 755 759 820 fidelium
783 760 964 842 praecepta
990 753 1063 818 sive
1089 752 1153 818 Dei
1177 753 1249 817 sive

153 838 344 910 Ecclesiae.

200 928 282 989 Reus
308 927 421 986 autem
453 928 495 984 est
517 920 627 984 violati
654 920 729 1000 voti,
760 922 816 1004 qui
843 922 995 1003 regulam
1020 919 1159 1004 negligit
1182 920 1246 984 sub

160 1013 300 1091 peccato
317 1005 571 1090 praescriptam.
589 1004 624 1068 Si
640 1011 753 1068 tamen
777 1007 893 1088 regula
909 1025 1000 1068 mere
1017 1004 1103 1068 idem
1121 1022 1245 1088 propo·

160 1099 219 1153 nat
246 1090 334 1170 quod
360 1095 577 1171 praeceptum
604 1107 780 1152 commune
803 1083 889 1172 juris
919 1087 1022 1151 divini
1055 1087 1109 1152 vel
1136 1089 1243 1152 eccle·

162 1172 300 1250 siastici,
325 1191 384 1252 per
410 1191 446 1233 se
470 1179 611 1254 putatur
640 1172 731 1233 nullo
761 1190 850 1234 novo
871 1169 1062 1252 astringere
1092 1189 1180 1233 nexu
1211 1176 1245 1231 et

160 1274 297 1318 monere
313 1255 477 1316 duntaxat
492 1254 533 1317 de
547 1253 658 1317 officio
669 1254 740 1335 jam
756 1253 976 1336 praescripto.

200 1339 289 1404 297.
304 1337 356 1399 Ex
367 1336 530 1400 Ordinum
541 1337 638 1400 vario
651 1355 714 1398 usu
727 1336 949 1418 colligendum
962 1339 1018 1400 est¹
1031 1336 1244 1417 quandonam

161 1421 322 1506 Superior
335 1420 503 1502 putandus
516 1420 559 1483 sit
571 1419 701 1499 stricte,
716 1419 737 1482 i.
746 1439 776 1484 e.
790 1419 853 1482 sub
866 1426 1017 1503 peccato,
1032 1419 1243 1502 praecipere.

203 1526 230 1567 1.
259 1505 354 1566 Haec
382 1503 528 1565 traditur
550 1503 667 1584 regula
692 1508 746 1565 sat
769 1502 948 1583 generalis.
965 1502 1076 1572 Larem
1103 1501 1244 1584 imponit

159 1587 398 1668 obligationem
415 1585 577 1668 Superior
591 1585 647 1666 qui
662 1584 872 1648 voluntatem
887 1605 983 1648 suam
1000 1585 1167 1666 significat
1185 1604 1244 1668 per

157 1671 279 1732 verba:
296 1668 407 1751 Jadeo,
419 1667 589 1750 Praecipio,
602 1669 657 1731 vel
672 1667 808 1745 similia;
822 1687 950 1751 gravem
966 1675 1091 1746 autem,
1109 1668 1149 1747 si,
1167 1687 1243 1750 curn

158 1752 223 1815 fert
239 1751 393 1829 materia,
411 1751 597 1834 praecipiat
611 1751 648 1814 Ia
662 1751 782 1812 naariae
792 1752 837 1814 D.
852 1752 897 1815 N.
911 1751 950 1833 J.
966 1751 1003 1815 C.
1017 1753 1072 1815 rel
1085 1751 1122 1814 Ia
1134 1751 1245 1813 virtute

157 1834 352 1912 obedientiae,
370 1837 423 1897 vel
449 1832 512 1896 Suo
537 1831 855 1897 excommunicatione
878 1833 942 1895 sine
974 1855 1052 1896 nova
1070 1833 1245 1897 :monitione

156 1917 351 1986 inaurienda,
371 1919 425 1980 vel
441 1917 502 1979 sub
526 1916 591 1980 alia
614 1935 723 1999 poena
743 1936 883 1997 gravem
908 1916 1072 1980 inferente
1095 1918 1242 2000 culpam.

157 2001 198 2064 R.
226 2001 264 2065 P.
293 1999 486 2064 Lelrmkuhl
509 2006 635 2077 tamen,
659 2016 682 2077 1,
708 2004 779 2090 5365
803 2004 899 2093 putat
922 2000 1132 2063 voluntatem
1159 1999 1242 2062 obli-

157 2083 257 2164 gandi
269 2083 332 2145 sub
345 2090 484 2166 peccato
497 2081 596 2145 etiam
610 2103 651 2144 ex
662 2081 830 2164 adjunctis
843 2082 956 2145 damni
971 2083 1086 2163 gravis
1099 2082 1240 2157 vitandi,

157 2173 216 2227 aut
229 2166 493 2249 perturbationis
510 2165 714 2229 domesticae
729 2164 969 2247 impediendae,
988 2165 1070 2226 satis
1084 2171 1242 2235 constare

158 2268 267 2329 posse.

199 2352 230 2394 a.
246 2332 285 2393 In
301 2329 450 2394 Societate
474 2331 553 2414 Jesa
569 2342 602 2394 et
625 2332 659 2394 in
685 2329 758 2394 a’iis
788 2329 986 2410 quibusdam
1010 2329 1259 2411 Religionibus.

158 2431 224 2475 non
241 2419 399 2476 censetur
414 2415 576 2496 Superior
592 2415 725 2497 proprie
741 2413 935 2496 praecipere
958 2434 1000 2476 ne
1021 2413 1075 2474 sad
1091 2413 1150 2475 levi
1172 2415 1243 2492 qui·

157 2497 242 2574 dem,
261 2517 320 2580 per
333 2497 453 2560 verba:
469 2497 581 2560 Stricta
585 2497 751 2580 praecipio,
768 2496 831 2559 Sub
840 2500 996 2578 praecepio
1010 2495 1152 2580 injungo.
1176 2497 1242 2560 Sed

156 2589 289 2660 oportet
315 2590 352 2643 ut
373 2581 491 2662 jubeat
516 2581 700 2644 laetamine
724 2581 766 2642 D.
790 2581 835 2644 N.
853 2579 892 2662 J.
910 2579 962 2658 C,
991 2581 1045 2642 vel
1070 2581 1107 2643 ln
1129 2579 1242 2642 virtute

155 2662 348 2741 obedientiae,
368 2669 428 2725 aut
443 2667 563 2726 saltem
579 2665 645 2726 alia
663 2663 794 2725 ratione
810 2664 900 2724 clare
917 2683 1013 2726 suam
1030 2665 1242 2728 voluntatem

155 2747 333 2828 exprimat,
365 2765 424 2827 per
453 2747 643 2828 appositam
669 2766 812 2829 poenam
838 2746 1028 2827 exigentem
1051 2753 1241 2828 peccatum

156 2832 310 2901 mortale,
328 2830 381 2889 vel
398 2828 521 2890 diserte
537 2828 677 2892 dicendo
693 2849 728 2892 se
744 2827 895 2909 obligare
918 2829 980 2890 sub
996 2829 1211 2911 peccato.·Cf
1231 2874 1239 2894 .

156 2909 367 3052 samhffiz'rm
382 2910 457 2971 Dee.
475 2912 497 2973 l.
511 2916 541 2990 6,
556 2931 584 2974 c.
599 2936 630 2995 4,
648 2931 681 2976 n.
695 2932 752 2994 703
766 2908 956 2994 Laynia-nn,
968 2913 989 2975 l.
1003 2936 1034 2995 4,
1052 2920 1096 2976 tr.
1106 2932 1143 2993 -5,
1162 2933 1190 2976 c.
1209 2936 1240 2993 9,

155 3009 248 3068 n.3;
302 2993 429 3067 eot,n.
469 3014 499 3070 3.
918 3011 923 3046 l

196 3073 286 3137 298.
304 3075 433 3134 Peccat
447 3015 573 3137 iontra
589 3085 715 3137 votum
732 3076 976 3138 obedientiae:
1045 3115 1068 3127 ,A
1111 3117 1157 3129 ,

201 3175 227 3217 1.
241 3155 306 3237 Qui
322 3154 354 3216 in
372 3155 567 3219 universum
582 3178 614 3218 se
629 3177 734 3220 exaere
749 3163 876 3220 conitar
888 3179 927 3228 ex
938 3157 1126 3240 superiorum
1140 3158 1240 3222 doari-

154 3243 239 3307 nata,
269 3258 302 3301 v.
330 3257 382 3318 gr.
406 3257 465 3320 per
488 3239 704 3321 apostasiam,
732 3239 860 3321 lugam3
888 3240 1003 3302 illicite
1026 3240 1240 3325 procurando

153 3340 250 3386 suam
267 3322 507 3402 expulsionem.
525 3323 622 3405 Quod
637 3342 743 3403 grave
758 3342 832 3384 esse
849 3342 959 3403 perse
979 3331 1082 3406 patet.

153 3466 154 3469 ,
195 3426 226 3467 a.
240 3404 306 3487 Qui
318 3404 481 3468 contemnit
492 3404 681 3468 formaliter
697 3406 880 3488 superioris
895 3407 1146 3483 auctoritatem,
1162 3406 1240 3470 dum

153 3506 185 3548 v.
195 3507 246 3567 gr.
258 3487 430 3570 Superiori
439 3487 571 3569 jubenti
584 3489 762 3572 respondet
773 3511 780 3552 :
790 3487 873 3554 Nolo
886 3488 1014 3559 odedire,
1030 3487 1239 3571 Nolofaeere,

152 3570 224 3632 Non
232 3569 368 3652 saciari.
386 3571 527 3653 Oportet
543 3578 656 3634 tamen
673 3580 710 3634 ut
726 3570 923 3655 simpliciter
939 3579 972 3635 et
989 3573 1144 3637 absolute
1158 3593 1238 3635 con-

153 3657 280 3716 temnat
289 3654 422 3736 jussum
436 3655 632 3738 superioris.
653 3655 739 3718 Nam
757 3655 784 3718 si
801 3655 1142 3736 negetobedientiam
1159 3655 1238 3736 quia

153 3754 208 3796 res
225 3736 286 3818 ipsi
298 3737 453 3800 videatur
466 3737 604 3818 inutilis,
618 3737 769 3817 ridicula,
781 3737 853 3821 jam
868 3757 936 3800 non
952 3747 1003 3802 cst
1020 3745 1237 3821 contemptus

151 3817 256 3886 totius
270 3820 448 3900 potestatis
461 3820 489 3884 ·¹.

194 3900 259 3982 Qui
271 3909 484 3986 contemptus
500 3903 650 3968 formalis
663 3903 790 3967 inducit
803 3904 979 3975 mortalem
992 3910 1126 3972 reatum
1136 3905 1238 3974 etiam

153 3982 180 4044 si
193 4002 247 4045 res
258 3985 341 4046 levis
353 3993 487 4066 agatur,
504 3997 564 4049 aut
580 4006 779 4069 responsum
796 3987 895 4065 detur
907 3987 952 4050 illi
968 3986 1025 4066 qui
1041 4007 1109 4049 nou
1121 3996 1232 4069 potest

132 4067 285 4148 'proprie
301 4070 494 4151 praecipere
510 4070 573 4132 sub
596 4078 748 4153 peccato.
773 4069 874 4140 Ratio
897 4078 960 4148 est,
979 4070 1057 4150 quia
1080 4069 1234 4150 gravitas

152 4150 337 4213 desumitur
359 4170 400 4214 ex
416 4159 610 4235 contemptu
637 4152 863 4233 auctoritatis,
895 4172 982 4234 quae
1008 4173 1116 4234 aeque
1143 4153 1176 4220 in
1200 4173 1236 4217 re

150 4383 381 4504 taltgpffiezaelpg
390 4386 543 4449 Superioris
551 4386 712 4448 reverentia,
724 4387 807 4450 culpa
816 4386 850 4437 d'e
860 4399 889 4437 se
899 4399 954 4436 nan
966 4383 1134 4436 transcendit
1146 4381 1235 4450 gravi·

1313 1263 1460 1326 Nataeprae·

1299 1325 1357 1380 cepti
1379 1327 1460 1372 stricte

1299 1381 1366 1440 talis,

1328 1491 1375 1540 Per
1386 1506 1419 1550 se,

1326 2311 1369 2360 Er
1384 2327 1427 2360 asu

1313 2369 1446 2418 earundem

1320 2426 1456 2487 eligianum.

1325 3075 1427 3124 Peccata

1296 3138 1381 3181 contra
1402 3147 1441 3180 aa·

1297 3194 1354 3238 tam.

1296 3433 1300 3437 ,
1324 3381 1362 3430 De
1380 3381 1457 3430 viola·

1297 3441 1457 3495 lianrrarca‘n·
1549 3439 1550 3462 ¹

1296 3501 1390 3557 tempta.

1325 3246 1459 3307 Exempla:

1549 3367 1551 3415 i

1549 3463 1550 3509 l

1548 3553 1549 3599 l

1545 3637 1548 3698 l

1543 3759 1547 3894 Ξ

1537 3903 1545 3986 l

1537 4489 1539 4529 l

1535 4559 1538 4624 l
