<?xml version="1.0" encoding="UTF-8"?>
<!DOCTYPE html PUBLIC "-//W3C//DTD XHTML 1.0 Transitional//EN"
    "http://www.w3.org/TR/xhtml1/DTD/xhtml1-transitional.dtd">
<html xmlns="http://www.w3.org/1999/xhtml" xml:lang="en" lang="en">
 <head>
  <title>
</title>
<meta http-equiv="Content-Type" content="text/html;charset=utf-8" />
  <meta name='ocr-system' content='tesseract 3.04.00' />
  <meta name='ocr-capabilities' content='ocr_page ocr_carea ocr_par ocr_line ocrx_word'/>
</head>
<body>
  <div class='ocr_page' id='page_1' title='image "./dereligiosisins00vermgoog_0177.png"; bbox 0 0 3148 5004; ppageno 0'>
   <div class='ocr_carea' id='block_1_1' title="bbox 337 640 1139 726">
    <p class='ocr_par' dir='ltr' id='par_1_1' title="bbox 337 640 1139 726">
     <span class='ocr_line' id='line_1_1' title="bbox 337 640 1139 726; baseline 0.017 -20"><span class='ocrx_word' id='word_1_1' title='bbox 337 640 397 706; x_wconf 68' lang='lat'><strong>112</strong></span> <span class='ocrx_word' id='word_1_2' title='bbox 626 673 694 711; x_wconf 68' lang='lat' dir='ltr'><strong>auus</strong></span> <span class='ocrx_word' id='word_1_3' title='bbox 708 675 830 726; x_wconf 65' lang='lat' dir='ltr'><strong>quorun.</strong></span> <span class='ocrx_word' id='word_1_4' title='bbox 846 677 942 716; x_wconf 78' lang='lat' dir='ltr'><strong>suerro</strong></span> <span class='ocrx_word' id='word_1_5' title='bbox 956 680 996 722; x_wconf 68' lang='lat'><strong>111,</strong></span> <span class='ocrx_word' id='word_1_6' title='bbox 1014 681 1104 718; x_wconf 71' lang='lat' dir='ltr'><strong>emur</strong></span> <span class='ocrx_word' id='word_1_7' title='bbox 1118 683 1139 720; x_wconf 89' lang='lat'><strong>11</strong></span> 
     </span>
    </p>
   </div>
   <div class='ocr_carea' id='block_1_2' title="bbox 337 805 1424 1070">
    <p class='ocr_par' dir='ltr' id='par_1_2' title="bbox 337 805 1424 1070">
     <span class='ocr_line' id='line_1_2' title="bbox 337 805 1424 902; baseline 0.021 -37"><span class='ocrx_word' id='word_1_8' title='bbox 337 805 502 882; x_wconf 86' lang='lat' dir='ltr'><strong>ver0,nisi</strong></span> <span class='ocrx_word' id='word_1_9' title='bbox 518 808 610 891; x_wconf 92' lang='lat' dir='ltr'><strong>prius</strong></span> <span class='ocrx_word' id='word_1_10' title='bbox 626 813 742 877; x_wconf 92' lang='lat' dir='ltr'><strong>sedulo</strong></span> <span class='ocrx_word' id='word_1_11' title='bbox 758 815 838 880; x_wconf 92' lang='lat' dir='ltr'><strong>illud</strong></span> <span class='ocrx_word' id='word_1_12' title='bbox 854 819 1069 898; x_wconf 86' lang='lat' dir='ltr'>cognoveris,</span> <span class='ocrx_word' id='word_1_13' title='bbox 1080 838 1266 902; x_wconf 89' lang='lat' dir='ltr'><strong>quousque,</strong></span> <span class='ocrx_word' id='word_1_14' title='bbox 1284 825 1424 888; x_wconf 75' lang='lat' dir='ltr'><strong>attentis</strong></span> 
     </span>
     <span class='ocr_line' id='line_1_3' title="bbox 338 887 1424 988; baseline 0.021 -41"><span class='ocrx_word' id='word_1_15' title='bbox 338 887 537 970; x_wconf 90' lang='lat' dir='ltr'><strong>rationibus,</strong></span> <span class='ocrx_word' id='word_1_16' title='bbox 566 896 757 960; x_wconf 83' lang='lat' dir='ltr'><strong>communia</strong></span> <span class='ocrx_word' id='word_1_17' title='bbox 782 897 868 961; x_wconf 89' lang='lat' dir='ltr'><strong>artis</strong></span> <span class='ocrx_word' id='word_1_18' title='bbox 894 899 1141 983; x_wconf 90' lang='lat' dir='ltr'><strong>interpretandi</strong></span> <span class='ocrx_word' id='word_1_19' title='bbox 1170 915 1354 988; x_wconf 87' lang='lat' dir='ltr'><strong>praecepta</strong></span> <span class='ocrx_word' id='word_1_20' title='bbox 1381 909 1424 971; x_wconf 90' lang='lat' dir='ltr'><strong>ad</strong></span> 
     </span>
     <span class='ocr_line' id='line_1_4' title="bbox 338 968 1423 1070; baseline 0.021 -41"><span class='ocrx_word' id='word_1_21' title='bbox 338 968 402 1031; x_wconf 89' lang='lat' dir='ltr'><strong>hoc</strong></span> <span class='ocrx_word' id='word_1_22' title='bbox 418 975 586 1052; x_wconf 81' lang='lat' dir='ltr'><strong>peculiare</strong></span> <span class='ocrx_word' id='word_1_23' title='bbox 602 978 711 1058; x_wconf 86' lang='lat' dir='ltr'><strong>legum</strong></span> <span class='ocrx_word' id='word_1_24' title='bbox 728 999 835 1060; x_wconf 86' lang='lat' dir='ltr'><strong>genus</strong></span> <span class='ocrx_word' id='word_1_25' title='bbox 848 987 1064 1062; x_wconf 90' lang='lat' dir='ltr'><strong>conveniant,</strong></span> <span class='ocrx_word' id='word_1_26' title='bbox 1082 1005 1183 1066; x_wconf 84' lang='lat' dir='ltr'>saepe</span> <span class='ocrx_word' id='word_1_27' title='bbox 1199 1006 1257 1050; x_wconf 91' lang='lat' dir='ltr'><strong>eas</strong></span> <span class='ocrx_word' id='word_1_28' title='bbox 1273 989 1423 1070; x_wconf 89' lang='lat' dir='ltr'><strong>proferes</strong></span> 
     </span>
    </p>
   </div>
   <div class='ocr_carea' id='block_1_3' title="bbox 134 1056 1423 1153">
    <p class='ocr_par' dir='ltr' id='par_1_3' title="bbox 134 1056 1423 1153">
     <span class='ocr_line' id='line_1_5' title="bbox 134 1056 1423 1153; baseline 0.023 -47"><span class='ocrx_word' id='word_1_29' title='bbox 134 1060 253 1120; x_wconf 76' lang='lat' dir='ltr'><strong>Quomodo</strong></span> <span class='ocrx_word' id='word_1_30' title='bbox 264 1077 280 1110; x_wconf 86' lang='lat' dir='ltr'><em>a</em></span> <span class='ocrx_word' id='word_1_31' title='bbox 338 1056 571 1120; x_wconf 87' lang='lat' dir='ltr'><strong>conclusiones</strong></span> <span class='ocrx_word' id='word_1_32' title='bbox 587 1079 674 1139; x_wconf 88' lang='lat' dir='ltr'><strong>quae</strong></span> <span class='ocrx_word' id='word_1_33' title='bbox 686 1064 878 1146; x_wconf 84' lang='lat' dir='ltr'><strong>religiosam</strong></span> <span class='ocrx_word' id='word_1_34' title='bbox 891 1067 1100 1148; x_wconf 88' lang='lat' dir='ltr'><strong>disciplinam</strong></span> <span class='ocrx_word' id='word_1_35' title='bbox 1117 1087 1185 1130; x_wconf 90' lang='lat' dir='ltr'><strong>non</strong></span> <span class='ocrx_word' id='word_1_36' title='bbox 1201 1090 1321 1153; x_wconf 89' lang='lat' dir='ltr'><strong>parum</strong></span> <span class='ocrx_word' id='word_1_37' title='bbox 1333 1074 1423 1135; x_wconf 82' lang='lat' dir='ltr'><strong>labe-</strong></span> 
     </span>
    </p>
   </div>
   <div class='ocr_carea' id='block_1_4' title="bbox 118 1121 477 1236">
    <p class='ocr_par' dir='ltr' id='par_1_4' title="bbox 118 1121 477 1236">
     <span class='ocr_line' id='line_1_6' title="bbox 118 1121 477 1236; baseline 0.028 -47"><span class='ocrx_word' id='word_1_38' title='bbox 118 1121 285 1236; x_wconf 49' lang='lat' dir='ltr'><strong>ssffffi&#39;mff</strong></span> <span class='ocrx_word' id='word_1_39' title='bbox 338 1133 477 1200; x_wconf 88' lang='lat' dir='ltr'><strong>faetent.</strong></span> 
     </span>
    </p>
   </div>
   <div class='ocr_carea' id='block_1_5' title="bbox 108 1221 1419 3366">
    <p class='ocr_par' dir='ltr' id='par_1_5' title="bbox 108 1221 1419 3366">
     <span class='ocr_line' id='line_1_7' title="bbox 118 1221 1419 1330; baseline 0.017 -51"><span class='ocrx_word' id='word_1_40' title='bbox 118 1233 255 1293; x_wconf 70' lang='lat' dir='ltr'><strong>tooregotoo.</strong></span> <span class='ocrx_word' id='word_1_41' title='bbox 379 1241 406 1298; x_wconf 85' lang='lat'><strong>3.</strong></span> <span class='ocrx_word' id='word_1_42' title='bbox 428 1221 559 1302; x_wconf 87' lang='lat' dir='ltr'><strong>Operae</strong></span> <span class='ocrx_word' id='word_1_43' title='bbox 572 1226 674 1306; x_wconf 86' lang='lat' dir='ltr'><strong>igitur</strong></span> <span class='ocrx_word' id='word_1_44' title='bbox 686 1232 831 1314; x_wconf 86' lang='lat' dir='ltr'><strong>pretium</strong></span> <span class='ocrx_word' id='word_1_45' title='bbox 845 1234 921 1312; x_wconf 88' lang='lat' dir='ltr'><strong>erit,</strong></span> <span class='ocrx_word' id='word_1_46' title='bbox 947 1252 1033 1316; x_wconf 92' lang='lat' dir='ltr'><strong>quae</strong></span> <span class='ocrx_word' id='word_1_47' title='bbox 1056 1231 1228 1295; x_wconf 88' lang='lat' dir='ltr'><strong>distinctio</strong></span> <span class='ocrx_word' id='word_1_48' title='bbox 1250 1234 1293 1296; x_wconf 88' lang='lat' dir='ltr'><strong>sit</strong></span> <span class='ocrx_word' id='word_1_49' title='bbox 1308 1237 1419 1330; x_wconf 83' lang='lat' dir='ltr'><strong>legum</strong></span> 
     </span>
     <span class='ocr_line' id='line_1_8' title="bbox 335 1299 1417 1400; baseline 0.02 -39"><span class='ocrx_word' id='word_1_50' title='bbox 335 1299 369 1362; x_wconf 90' lang='lat' dir='ltr'><strong>in</strong></span> <span class='ocrx_word' id='word_1_51' title='bbox 386 1303 580 1370; x_wconf 90' lang='lat' dir='ltr'><strong>universum</strong></span> <span class='ocrx_word' id='word_1_52' title='bbox 604 1319 637 1372; x_wconf 88' lang='lat' dir='ltr'><strong>et</strong></span> <span class='ocrx_word' id='word_1_53' title='bbox 660 1317 853 1393; x_wconf 84' lang='lat' dir='ltr'><strong>regularum</strong></span> <span class='ocrx_word' id='word_1_54' title='bbox 875 1315 1044 1378; x_wconf 88' lang='lat' dir='ltr'><strong>nonnullis</strong></span> <span class='ocrx_word' id='word_1_55' title='bbox 1060 1315 1230 1378; x_wconf 92' lang='lat' dir='ltr'><strong>illustrare</strong></span> <span class='ocrx_word' id='word_1_56' title='bbox 1246 1321 1417 1400; x_wconf 73' lang='lat' dir='ltr'><strong>exemplis·</strong></span> 
     </span>
     <span class='ocr_line' id='line_1_9' title="bbox 129 1378 1416 1492; baseline 0.021 -54"><span class='ocrx_word' id='word_1_57' title='bbox 129 1378 280 1484; x_wconf 60' lang='lat' dir='ltr'><strong>Qutolqnogoo</strong></span> <span class='ocrx_word' id='word_1_58' title='bbox 376 1390 409 1465; x_wconf 84' lang='lat' dir='ltr'><strong>a)</strong></span> <span class='ocrx_word' id='word_1_59' title='bbox 440 1389 534 1470; x_wconf 81' lang='lat' dir='ltr'><strong>Quae</strong></span> <span class='ocrx_word' id='word_1_60' title='bbox 559 1393 601 1453; x_wconf 90' lang='lat' dir='ltr'><strong>ad</strong></span> <span class='ocrx_word' id='word_1_61' title='bbox 628 1394 752 1459; x_wconf 91' lang='lat' dir='ltr'><strong>bonum</strong></span> <span class='ocrx_word' id='word_1_62' title='bbox 780 1418 957 1461; x_wconf 90' lang='lat' dir='ltr'><strong>commune</strong></span> <span class='ocrx_word' id='word_1_63' title='bbox 984 1401 1088 1460; x_wconf 88' lang='lat' dir='ltr'><strong>totius</strong></span> <span class='ocrx_word' id='word_1_64' title='bbox 1115 1397 1317 1492; x_wconf 82' lang='lat' dir='ltr'><strong>reipublicae</strong></span> <span class='ocrx_word' id='word_1_65' title='bbox 1338 1402 1416 1464; x_wconf 90' lang='lat' dir='ltr'><strong>diri·</strong></span> 
     </span>
     <span class='ocr_line' id='line_1_10' title="bbox 117 1441 1415 1578; baseline 0.021 -59"><span class='ocrx_word' id='word_1_66' title='bbox 117 1441 233 1495; x_wconf 63' lang='lat' dir='ltr'><strong>⁸p‘⁶²‘¹²⁵’</strong></span> <span class='ocrx_word' id='word_1_67' title='bbox 334 1481 460 1546; x_wconf 81' lang='lat' dir='ltr'><strong>guntur</strong></span> <span class='ocrx_word' id='word_1_68' title='bbox 485 1474 576 1552; x_wconf 86' lang='lat' dir='ltr'><strong>leges</strong></span> <span class='ocrx_word' id='word_1_69' title='bbox 606 1497 671 1540; x_wconf 92' lang='lat' dir='ltr'><strong>non</strong></span> <span class='ocrx_word' id='word_1_70' title='bbox 698 1499 777 1544; x_wconf 86' lang='lat' dir='ltr'><strong>raro</strong></span> <span class='ocrx_word' id='word_1_71' title='bbox 803 1482 902 1544; x_wconf 88' lang='lat' dir='ltr'><strong>alicui</strong></span> <span class='ocrx_word' id='word_1_72' title='bbox 931 1499 1153 1564; x_wconf 89' lang='lat' dir='ltr'><strong>personarum</strong></span> <span class='ocrx_word' id='word_1_73' title='bbox 1176 1481 1281 1544; x_wconf 82' lang='lat' dir='ltr'><strong>ordint</strong></span> <span class='ocrx_word' id='word_1_74' title='bbox 1297 1502 1415 1578; x_wconf 86' lang='lat' dir='ltr'><strong>parum</strong></span> 
     </span>
     <span class='ocr_line' id='line_1_11' title="bbox 333 1555 1417 1660; baseline 0.018 -50"><span class='ocrx_word' id='word_1_75' title='bbox 333 1560 411 1613; x_wconf 90' lang='lat' dir='ltr'><strong>sunt</strong></span> <span class='ocrx_word' id='word_1_76' title='bbox 428 1555 537 1632; x_wconf 79' lang='lat' dir='ltr'><strong>utileS,</strong></span> <span class='ocrx_word' id='word_1_77' title='bbox 556 1577 597 1619; x_wconf 89' lang='lat' dir='ltr'><strong>ne</strong></span> <span class='ocrx_word' id='word_1_78' title='bbox 613 1559 721 1626; x_wconf 87' lang='lat' dir='ltr'><strong>dicam</strong></span> <span class='ocrx_word' id='word_1_79' title='bbox 740 1563 850 1625; x_wconf 91' lang='lat' dir='ltr'><strong>minus</strong></span> <span class='ocrx_word' id='word_1_80' title='bbox 873 1571 1095 1646; x_wconf 86' lang='lat' dir='ltr'><strong>opportunae.</strong></span> <span class='ocrx_word' id='word_1_81' title='bbox 1114 1563 1190 1646; x_wconf 86' lang='lat' dir='ltr'><strong>Quo</strong></span> <span class='ocrx_word' id='word_1_82' title='bbox 1205 1583 1285 1626; x_wconf 92' lang='lat' dir='ltr'><strong>vero</strong></span> <span class='ocrx_word' id='word_1_83' title='bbox 1309 1579 1417 1660; x_wconf 69' lang='lat' dir='ltr'><strong>magio</strong></span> 
     </span>
     <span class='ocr_line' id='line_1_12' title="bbox 331 1637 1418 1729; baseline 0.017 -36"><span class='ocrx_word' id='word_1_84' title='bbox 331 1641 411 1696; x_wconf 89' lang='lat' dir='ltr'><strong>sunt</strong></span> <span class='ocrx_word' id='word_1_85' title='bbox 434 1637 607 1716; x_wconf 82' lang='lat' dir='ltr'><strong>speciales,</strong></span> <span class='ocrx_word' id='word_1_86' title='bbox 633 1662 673 1706; x_wconf 91' lang='lat' dir='ltr'><strong>eo</strong></span> <span class='ocrx_word' id='word_1_87' title='bbox 697 1645 803 1726; x_wconf 88' lang='lat' dir='ltr'><strong>magis</strong></span> <span class='ocrx_word' id='word_1_88' title='bbox 827 1648 868 1709; x_wconf 89' lang='lat' dir='ltr'><strong>ad</strong></span> <span class='ocrx_word' id='word_1_89' title='bbox 891 1649 1000 1729; x_wconf 86' lang='lat' dir='ltr'><strong>ipsum</strong></span> <span class='ocrx_word' id='word_1_90' title='bbox 1023 1665 1140 1708; x_wconf 91' lang='lat' dir='ltr'><strong>eorum</strong></span> <span class='ocrx_word' id='word_1_91' title='bbox 1157 1648 1282 1709; x_wconf 90' lang='lat' dir='ltr'><strong>bonum</strong></span> <span class='ocrx_word' id='word_1_92' title='bbox 1299 1647 1418 1711; x_wconf 79' lang='lat' dir='ltr'><strong>referri</strong></span> 
     </span>
     <span class='ocr_line' id='line_1_13' title="bbox 331 1722 1418 1824; baseline 0.024 -49"><span class='ocrx_word' id='word_1_93' title='bbox 331 1727 473 1795; x_wconf 88' lang='lat' dir='ltr'><strong>possunt</strong></span> <span class='ocrx_word' id='word_1_94' title='bbox 499 1722 618 1799; x_wconf 85' lang='lat' dir='ltr'><strong>quibus</strong></span> <span class='ocrx_word' id='word_1_95' title='bbox 645 1736 724 1788; x_wconf 92' lang='lat' dir='ltr'><strong>sunt</strong></span> <span class='ocrx_word' id='word_1_96' title='bbox 750 1747 868 1790; x_wconf 79' lang='lat' dir='ltr'><strong>noma</strong></span> <span class='ocrx_word' id='word_1_97' title='bbox 896 1731 1029 1810; x_wconf 87' lang='lat' dir='ltr'><strong>agendi.</strong></span> <span class='ocrx_word' id='word_1_98' title='bbox 1059 1729 1191 1810; x_wconf 87' lang='lat' dir='ltr'><strong>Regula</strong></span> <span class='ocrx_word' id='word_1_99' title='bbox 1220 1737 1418 1824; x_wconf 33' lang='lat' dir='ltr'><strong>porro-tota</strong></span> 
     </span>
     <span class='ocr_line' id='line_1_14' title="bbox 330 1801 1416 1893; baseline 0.017 -35"><span class='ocrx_word' id='word_1_100' title='bbox 330 1808 458 1876; x_wconf 85' lang='lat' dir='ltr'><strong>quanta</strong></span> <span class='ocrx_word' id='word_1_101' title='bbox 474 1801 629 1885; x_wconf 81' lang='lat' dir='ltr'><strong>dirigitur</strong></span> <span class='ocrx_word' id='word_1_102' title='bbox 650 1810 692 1871; x_wconf 94' lang='lat' dir='ltr'><strong>ad</strong></span> <span class='ocrx_word' id='word_1_103' title='bbox 714 1811 890 1891; x_wconf 86' lang='lat' dir='ltr'><strong>spirituale</strong></span> <span class='ocrx_word' id='word_1_104' title='bbox 906 1812 1170 1893; x_wconf 86' lang='lat' dir='ltr'><strong>uniuscujusque</strong></span> <span class='ocrx_word' id='word_1_105' title='bbox 1185 1811 1337 1875; x_wconf 84' lang='lat' dir='ltr'><strong>Institutr</strong></span> <span class='ocrx_word' id='word_1_106' title='bbox 1359 1813 1416 1876; x_wconf 91' lang='lat' dir='ltr'><strong>bo·</strong></span> 
     </span>
     <span class='ocr_line' id='line_1_15' title="bbox 330 1893 1415 1990; baseline 0.018 -50"><span class='ocrx_word' id='word_1_107' title='bbox 330 1900 410 1943; x_wconf 91' lang='lat' dir='ltr'><strong>num</strong></span> <span class='ocrx_word' id='word_1_108' title='bbox 428 1906 435 1961; x_wconf 88' lang='lat'>;</span> <span class='ocrx_word' id='word_1_109' title='bbox 454 1895 582 1966; x_wconf 90' lang='lat' dir='ltr'><strong>estque,</strong></span> <span class='ocrx_word' id='word_1_110' title='bbox 600 1897 637 1952; x_wconf 90' lang='lat' dir='ltr'><strong>ut</strong></span> <span class='ocrx_word' id='word_1_111' title='bbox 668 1893 877 1957; x_wconf 90' lang='lat' dir='ltr'><strong>rationabilis</strong></span> <span class='ocrx_word' id='word_1_112' title='bbox 904 1895 969 1956; x_wconf 89' lang='lat' dir='ltr'><strong>fert</strong></span> <span class='ocrx_word' id='word_1_113' title='bbox 996 1895 1240 1986; x_wconf 21' lang='lat' dir='ltr'><strong>praesumpteiO,</strong></span> <span class='ocrx_word' id='word_1_114' title='bbox 1273 1896 1315 1958; x_wconf 90' lang='lat' dir='ltr'><strong>ad</strong></span> <span class='ocrx_word' id='word_1_115' title='bbox 1344 1897 1415 1990; x_wconf 80' lang='lat' dir='ltr'><strong>ejus</strong></span> 
     </span>
     <span class='ocr_line' id='line_1_16' title="bbox 328 1969 1416 2069; baseline 0.018 -45"><span class='ocrx_word' id='word_1_116' title='bbox 328 1969 499 2047; x_wconf 85' lang='lat' dir='ltr'><strong>propriam</strong></span> <span class='ocrx_word' id='word_1_117' title='bbox 526 1972 703 2049; x_wconf 89' lang='lat' dir='ltr'><strong>rationem,</strong></span> <span class='ocrx_word' id='word_1_118' title='bbox 731 1976 831 2040; x_wconf 90' lang='lat' dir='ltr'><strong>immo</strong></span> <span class='ocrx_word' id='word_1_119' title='bbox 854 1978 895 2039; x_wconf 90' lang='lat' dir='ltr'><strong>ad</strong></span> <span class='ocrx_word' id='word_1_120' title='bbox 923 1976 1067 2039; x_wconf 88' lang='lat' dir='ltr'><strong>indolem</strong></span> <span class='ocrx_word' id='word_1_121' title='bbox 1093 1978 1270 2069; x_wconf 74' lang='lat' dir='ltr'><strong>sodalium,</strong></span> <span class='ocrx_word' id='word_1_122' title='bbox 1296 1999 1416 2062; x_wconf 85' lang='lat' dir='ltr'><strong>quippe</strong></span> 
     </span>
     <span class='ocr_line' id='line_1_17' title="bbox 328 2048 1414 2156; baseline 0.017 -49"><span class='ocrx_word' id='word_1_123' title='bbox 328 2048 383 2126; x_wconf 91' lang='lat' dir='ltr'><strong>qui</strong></span> <span class='ocrx_word' id='word_1_124' title='bbox 410 2069 533 2131; x_wconf 84' lang='lat' dir='ltr'><strong>magno</strong></span> <span class='ocrx_word' id='word_1_125' title='bbox 558 2054 690 2118; x_wconf 88' lang='lat' dir='ltr'><strong>delectu</strong></span> <span class='ocrx_word' id='word_1_126' title='bbox 717 2060 929 2124; x_wconf 86' lang='lat' dir='ltr'><strong>asciscantur</strong></span> <span class='ocrx_word' id='word_1_127' title='bbox 955 2059 1066 2122; x_wconf 89' lang='lat' dir='ltr'><strong>idonei</strong></span> <span class='ocrx_word' id='word_1_128' title='bbox 1089 2067 1122 2122; x_wconf 91' lang='lat' dir='ltr'><strong>et</strong></span> <span class='ocrx_word' id='word_1_129' title='bbox 1145 2061 1221 2121; x_wconf 89' lang='lat' dir='ltr'><strong>dem</strong></span> <span class='ocrx_word' id='word_1_130' title='bbox 1251 2061 1293 2123; x_wconf 89' lang='lat' dir='ltr'><strong>ad</strong></span> <span class='ocrx_word' id='word_1_131' title='bbox 1326 2063 1414 2156; x_wconf 75' lang='lat' dir='ltr'><strong>hanc</strong></span> 
     </span>
     <span class='ocr_line' id='line_1_18' title="bbox 327 2132 1414 2238; baseline 0.017 -48"><span class='ocrx_word' id='word_1_132' title='bbox 327 2132 493 2196; x_wconf 90' lang='lat' dir='ltr'><strong>rationem</strong></span> <span class='ocrx_word' id='word_1_133' title='bbox 509 2135 744 2219; x_wconf 87' lang='lat' dir='ltr'><strong>informentur,</strong></span> <span class='ocrx_word' id='word_1_134' title='bbox 769 2143 912 2206; x_wconf 86' lang='lat' dir='ltr'><strong>maxime</strong></span> <span class='ocrx_word' id='word_1_135' title='bbox 927 2143 1193 2228; x_wconf 87' lang='lat' dir='ltr'><strong>accommodata.</strong></span> <span class='ocrx_word' id='word_1_136' title='bbox 1219 2143 1332 2226; x_wconf 87' lang='lat' dir='ltr'><strong>Quare</strong></span> <span class='ocrx_word' id='word_1_137' title='bbox 1344 2165 1414 2238; x_wconf 62' lang='lat' dir='ltr'><strong>qam</strong></span> 
     </span>
     <span class='ocr_line' id='line_1_19' title="bbox 326 2215 1409 2318; baseline 0.016 -44"><span class='ocrx_word' id='word_1_138' title='bbox 326 2231 367 2274; x_wconf 84' lang='lat' dir='ltr'><strong>ex</strong></span> <span class='ocrx_word' id='word_1_139' title='bbox 383 2215 447 2278; x_wconf 92' lang='lat' dir='ltr'><strong>hoc</strong></span> <span class='ocrx_word' id='word_1_140' title='bbox 471 2219 580 2300; x_wconf 89' lang='lat' dir='ltr'><strong>capite</strong></span> <span class='ocrx_word' id='word_1_141' title='bbox 604 2242 708 2284; x_wconf 88' lang='lat' dir='ltr'><strong>causa</strong></span> <span class='ocrx_word' id='word_1_142' title='bbox 731 2228 926 2306; x_wconf 82' lang='lat' dir='ltr'><strong>regularum</strong></span> <span class='ocrx_word' id='word_1_143' title='bbox 949 2234 1000 2287; x_wconf 91' lang='lat' dir='ltr'><strong>est</strong></span> <span class='ocrx_word' id='word_1_144' title='bbox 1019 2227 1125 2306; x_wconf 86' lang='lat' dir='ltr'><strong>magis</strong></span> <span class='ocrx_word' id='word_1_145' title='bbox 1151 2251 1164 2318; x_wconf 66' lang='lat'><strong>5&lt;</strong></span> <span class='ocrx_word' id='word_1_146' title='bbox 1184 2225 1409 2312; x_wconf 76' lang='lat' dir='ltr'><strong>favorabilis»</strong></span> 
     </span>
     <span class='ocr_line' id='line_1_20' title="bbox 326 2303 1413 2392; baseline 0.016 -37"><span class='ocrx_word' id='word_1_147' title='bbox 326 2314 426 2374; x_wconf 89' lang='lat' dir='ltr'><strong>quarn</strong></span> <span class='ocrx_word' id='word_1_148' title='bbox 443 2303 546 2363; x_wconf 87' lang='lat' dir='ltr'><strong>causa</strong></span> <span class='ocrx_word' id='word_1_149' title='bbox 559 2305 669 2384; x_wconf 84' lang='lat' dir='ltr'><strong>legum</strong></span> <span class='ocrx_word' id='word_1_150' title='bbox 687 2306 719 2367; x_wconf 89' lang='lat' dir='ltr'><strong>in</strong></span> <span class='ocrx_word' id='word_1_151' title='bbox 733 2312 941 2387; x_wconf 89' lang='lat' dir='ltr'><strong>universum,</strong></span> <span class='ocrx_word' id='word_1_152' title='bbox 960 2310 1005 2370; x_wconf 90' lang='lat' dir='ltr'><strong>ita</strong></span> <span class='ocrx_word' id='word_1_153' title='bbox 1022 2318 1059 2371; x_wconf 93' lang='lat' dir='ltr'><strong>ut</strong></span> <span class='ocrx_word' id='word_1_154' title='bbox 1072 2309 1203 2371; x_wconf 77' lang='lat' dir='ltr'><strong>facilius</strong></span> <span class='ocrx_word' id='word_1_155' title='bbox 1219 2329 1281 2392; x_wconf 94' lang='lat' dir='ltr'><strong>pro</strong></span> <span class='ocrx_word' id='word_1_156' title='bbox 1296 2311 1413 2392; x_wconf 83' lang='lat' dir='ltr'><strong>regula</strong></span> 
     </span>
     <span class='ocr_line' id='line_1_21' title="bbox 325 2387 950 2470; baseline 0.029 -33"><span class='ocrx_word' id='word_1_157' title='bbox 325 2397 425 2455; x_wconf 93' lang='lat' dir='ltr'><strong>quam</strong></span> <span class='ocrx_word' id='word_1_158' title='bbox 443 2401 504 2461; x_wconf 91' lang='lat' dir='ltr'><strong>pro</strong></span> <span class='ocrx_word' id='word_1_159' title='bbox 520 2387 592 2464; x_wconf 84' lang='lat' dir='ltr'><strong>lege</strong></span> <span class='ocrx_word' id='word_1_160' title='bbox 608 2389 651 2448; x_wconf 90' lang='lat' dir='ltr'><strong>sit</strong></span> <span class='ocrx_word' id='word_1_161' title='bbox 667 2393 950 2470; x_wconf 87' lang='lat' dir='ltr'><strong>respondendum.</strong></span> 
     </span>
     <span class='ocr_line' id='line_1_22' title="bbox 127 2453 1412 2568; baseline 0.016 -49"><span class='ocrx_word' id='word_1_162' title='bbox 127 2453 225 2556; x_wconf 60' lang='lat' dir='ltr'><strong>Ddrqecta</strong></span> <span class='ocrx_word' id='word_1_163' title='bbox 236 2457 268 2503; x_wconf 65' lang='lat' dir='ltr'><strong>“d</strong></span> <span class='ocrx_word' id='word_1_164' title='bbox 367 2462 399 2538; x_wconf 91' lang='lat' dir='ltr'><strong>b)</strong></span> <span class='ocrx_word' id='word_1_165' title='bbox 416 2464 587 2546; x_wconf 85' lang='lat' dir='ltr'><strong>Religiosi,</strong></span> <span class='ocrx_word' id='word_1_166' title='bbox 606 2470 638 2530; x_wconf 94' lang='lat' dir='ltr'><strong>vi</strong></span> <span class='ocrx_word' id='word_1_167' title='bbox 655 2475 870 2552; x_wconf 89' lang='lat' dir='ltr'><strong>protessionis</strong></span> <span class='ocrx_word' id='word_1_168' title='bbox 887 2495 980 2552; x_wconf 85' lang='lat' dir='ltr'><strong>suae,</strong></span> <span class='ocrx_word' id='word_1_169' title='bbox 998 2474 1134 2536; x_wconf 88' lang='lat' dir='ltr'><strong>student</strong></span> <span class='ocrx_word' id='word_1_170' title='bbox 1147 2474 1316 2567; x_wconf 80' lang='lat' dir='ltr'><strong>perlectae</strong></span> <span class='ocrx_word' id='word_1_171' title='bbox 1333 2476 1412 2568; x_wconf 83' lang='lat' dir='ltr'><strong>obe-</strong></span> 
     </span>
     <span class='ocr_line' id='line_1_23' title="bbox 108 2517 1406 2638; baseline 0.021 -45"><span class='ocrx_word' id='word_1_172' title='bbox 108 2517 262 2629; x_wconf 53' lang='lat' dir='ltr'><strong>{mlada</strong></span> <span class='ocrx_word' id='word_1_173' title='bbox 324 2541 479 2622; x_wconf 87' lang='lat' dir='ltr'><strong>dientiae,</strong></span> <span class='ocrx_word' id='word_1_174' title='bbox 495 2567 570 2626; x_wconf 89' lang='lat' dir='ltr'><strong>qua,</strong></span> <span class='ocrx_word' id='word_1_175' title='bbox 586 2551 658 2631; x_wconf 88' lang='lat' dir='ltr'><strong>ipsa</strong></span> <span class='ocrx_word' id='word_1_176' title='bbox 671 2565 926 2633; x_wconf 90' lang='lat' dir='ltr'><strong>praevertentes</strong></span> <span class='ocrx_word' id='word_1_177' title='bbox 936 2559 1044 2638; x_wconf 79' lang='lat' dir='ltr'><strong>jussa,</strong></span> <span class='ocrx_word' id='word_1_178' title='bbox 1063 2555 1281 2632; x_wconf 86' lang='lat' dir='ltr'><strong>Superiorum</strong></span> <span class='ocrx_word' id='word_1_179' title='bbox 1294 2565 1406 2638; x_wconf 83' lang='lat' dir='ltr'><strong>potrus</strong></span> 
     </span>
     <span class='ocr_line' id='line_1_24' title="bbox 324 2631 1406 2732; baseline 0.017 -49"><span class='ocrx_word' id='word_1_180' title='bbox 324 2642 423 2702; x_wconf 90' lang='lat' dir='ltr'><strong>quam</strong></span> <span class='ocrx_word' id='word_1_181' title='bbox 440 2631 609 2710; x_wconf 86' lang='lat' dir='ltr'><strong>propriam</strong></span> <span class='ocrx_word' id='word_1_182' title='bbox 632 2645 808 2698; x_wconf 89' lang='lat' dir='ltr'><strong>sectantur</strong></span> <span class='ocrx_word' id='word_1_183' title='bbox 833 2643 1057 2702; x_wconf 84' lang='lat' dir='ltr'><strong>voluntatem.</strong></span> <span class='ocrx_word' id='word_1_184' title='bbox 1071 2642 1181 2727; x_wconf 26' lang='lat' dir='ltr'><strong>[Hanc</strong></span> <span class='ocrx_word' id='word_1_185' title='bbox 1204 2659 1284 2732; x_wconf 82' lang='lat' dir='ltr'><strong>ergo</strong></span> <span class='ocrx_word' id='word_1_186' title='bbox 1300 2639 1406 2722; x_wconf 89' lang='lat' dir='ltr'><strong>Supe-</strong></span> 
     </span>
     <span class='ocr_line' id='line_1_25' title="bbox 322 2706 1404 2802; baseline 0.018 -36"><span class='ocrx_word' id='word_1_187' title='bbox 322 2706 450 2771; x_wconf 89' lang='lat' dir='ltr'><strong>riorum</strong></span> <span class='ocrx_word' id='word_1_188' title='bbox 466 2720 610 2776; x_wconf 85' lang='lat' dir='ltr'><strong>mentem</strong></span> <span class='ocrx_word' id='word_1_189' title='bbox 627 2718 752 2780; x_wconf 89' lang='lat' dir='ltr'><strong>habere</strong></span> <span class='ocrx_word' id='word_1_190' title='bbox 768 2741 827 2802; x_wconf 87' lang='lat' dir='ltr'><strong>per</strong></span> <span class='ocrx_word' id='word_1_191' title='bbox 843 2725 976 2802; x_wconf 84' lang='lat' dir='ltr'><strong>regulas</strong></span> <span class='ocrx_word' id='word_1_192' title='bbox 993 2725 1027 2785; x_wconf 90' lang='lat' dir='ltr'><strong>in</strong></span> <span class='ocrx_word' id='word_1_193' title='bbox 1043 2724 1156 2784; x_wconf 88' lang='lat' dir='ltr'><strong>multis</strong></span> <span class='ocrx_word' id='word_1_194' title='bbox 1171 2722 1404 2802; x_wconf 84' lang='lat' dir='ltr'><strong>sigmficatam,</strong></span> 
     </span>
     <span class='ocr_line' id='line_1_26' title="bbox 322 2788 1405 2887; baseline 0.02 -39"><span class='ocrx_word' id='word_1_195' title='bbox 322 2788 429 2852; x_wconf 88' lang='lat' dir='ltr'><strong>bonos</strong></span> <span class='ocrx_word' id='word_1_196' title='bbox 445 2795 619 2874; x_wconf 83' lang='lat' dir='ltr'><strong>religiosos</strong></span> <span class='ocrx_word' id='word_1_197' title='bbox 636 2819 695 2880; x_wconf 90' lang='lat' dir='ltr'><strong>per</strong></span> <span class='ocrx_word' id='word_1_198' title='bbox 710 2822 746 2863; x_wconf 90' lang='lat' dir='ltr'><strong>se</strong></span> <span class='ocrx_word' id='word_1_199' title='bbox 769 2805 875 2884; x_wconf 83' lang='lat' dir='ltr'><strong>magis</strong></span> <span class='ocrx_word' id='word_1_200' title='bbox 895 2806 994 2886; x_wconf 87' lang='lat' dir='ltr'><strong>juvat</strong></span> <span class='ocrx_word' id='word_1_201' title='bbox 1009 2825 1110 2885; x_wconf 91' lang='lat' dir='ltr'><strong>quam</strong></span> <span class='ocrx_word' id='word_1_202' title='bbox 1127 2806 1206 2887; x_wconf 89' lang='lat' dir='ltr'><strong>ipsis</strong></span> <span class='ocrx_word' id='word_1_203' title='bbox 1221 2810 1271 2866; x_wconf 89' lang='lat' dir='ltr'><strong>est</strong></span> <span class='ocrx_word' id='word_1_204' title='bbox 1287 2825 1405 2886; x_wconf 82' lang='lat' dir='ltr'><strong>grave.</strong></span> 
     </span>
     <span class='ocr_line' id='line_1_27' title="bbox 321 2872 1407 2966; baseline 0.024 -34"><span class='ocrx_word' id='word_1_205' title='bbox 321 2872 394 2933; x_wconf 92' lang='lat' dir='ltr'><strong>Non</strong></span> <span class='ocrx_word' id='word_1_206' title='bbox 412 2875 459 2936; x_wconf 86' lang='lat' dir='ltr'><strong>ita</strong></span> <span class='ocrx_word' id='word_1_207' title='bbox 475 2895 567 2957; x_wconf 82' lang='lat' dir='ltr'><strong>ergo,</strong></span> <span class='ocrx_word' id='word_1_208' title='bbox 585 2889 622 2942; x_wconf 92' lang='lat' dir='ltr'><strong>ut</strong></span> <span class='ocrx_word' id='word_1_209' title='bbox 640 2903 716 2945; x_wconf 92' lang='lat' dir='ltr'><strong>cum</strong></span> <span class='ocrx_word' id='word_1_210' title='bbox 734 2887 847 2966; x_wconf 85' lang='lat' dir='ltr'><strong>agitur</strong></span> <span class='ocrx_word' id='word_1_211' title='bbox 864 2889 903 2950; x_wconf 91' lang='lat' dir='ltr'><strong>de</strong></span> <span class='ocrx_word' id='word_1_212' title='bbox 919 2889 1141 2963; x_wconf 87' lang='lat' dir='ltr'><strong>secularibus,</strong></span> <span class='ocrx_word' id='word_1_213' title='bbox 1160 2889 1339 2950; x_wconf 86' lang='lat' dir='ltr'><strong>favendum</strong></span> <span class='ocrx_word' id='word_1_214' title='bbox 1355 2895 1407 2950; x_wconf 77' lang='lat' dir='ltr'><strong>est</strong></span> 
     </span>
     <span class='ocr_line' id='line_1_28' title="bbox 320 2955 1406 3064; baseline 0.018 -50"><span class='ocrx_word' id='word_1_215' title='bbox 320 2955 468 3020; x_wconf 86' lang='lat' dir='ltr'><strong>libertati</strong></span> <span class='ocrx_word' id='word_1_216' title='bbox 487 2979 602 3025; x_wconf 90' lang='lat' dir='ltr'><strong>eorum</strong></span> <span class='ocrx_word' id='word_1_217' title='bbox 615 2966 682 3044; x_wconf 91' lang='lat' dir='ltr'><strong>qui,</strong></span> <span class='ocrx_word' id='word_1_218' title='bbox 698 2967 881 3048; x_wconf 86' lang='lat' dir='ltr'><strong>ingenitam</strong></span> <span class='ocrx_word' id='word_1_219' title='bbox 898 2971 1095 3034; x_wconf 90' lang='lat' dir='ltr'><strong>abdicantes</strong></span> <span class='ocrx_word' id='word_1_220' title='bbox 1109 2972 1312 3064; x_wconf 31' lang='lat' dir='ltr'><strong>libert-atem,</strong></span> <span class='ocrx_word' id='word_1_221' title='bbox 1330 2991 1406 3054; x_wconf 89' lang='lat' dir='ltr'><strong>pro-</strong></span> 
     </span>
     <span class='ocr_line' id='line_1_29' title="bbox 250 3038 1397 3136; baseline 0.022 -41"><span class='ocrx_word' id='word_1_222' title='bbox 250 3112 253 3118; x_wconf 25' lang='lat'><strong>,</strong></span> <span class='ocrx_word' id='word_1_223' title='bbox 319 3038 393 3118; x_wconf 90' lang='lat' dir='ltr'><strong>pria</strong></span> <span class='ocrx_word' id='word_1_224' title='bbox 405 3043 567 3106; x_wconf 87' lang='lat' dir='ltr'><strong>electione</strong></span> <span class='ocrx_word' id='word_1_225' title='bbox 583 3057 616 3108; x_wconf 93' lang='lat' dir='ltr'><strong>et</strong></span> <span class='ocrx_word' id='word_1_226' title='bbox 633 3049 758 3112; x_wconf 86' lang='lat' dir='ltr'><strong>Christi</strong></span> <span class='ocrx_word' id='word_1_227' title='bbox 776 3072 880 3115; x_wconf 83' lang='lat' dir='ltr'><strong>causa</strong></span> <span class='ocrx_word' id='word_1_228' title='bbox 897 3056 978 3115; x_wconf 90' lang='lat' dir='ltr'><strong>t&#39;acti</strong></span> <span class='ocrx_word' id='word_1_229' title='bbox 994 3060 1074 3115; x_wconf 89' lang='lat' dir='ltr'><strong>suut</strong></span> <span class='ocrx_word' id='word_1_230' title='bbox 1089 3055 1189 3116; x_wconf 84' lang='lat' dir='ltr'><strong>alieni</strong></span> <span class='ocrx_word' id='word_1_231' title='bbox 1200 3073 1301 3136; x_wconf 84' lang='lat' dir='ltr'><strong>Jurrs.</strong></span> <span class='ocrx_word' id='word_1_232' title='bbox 1394 3104 1397 3108; x_wconf 83' lang='lat'>-</span> 
     </span>
     <span class='ocr_line' id='line_1_30' title="bbox 361 3123 1406 3230; baseline 0.017 -49"><span class='ocrx_word' id='word_1_233' title='bbox 361 3125 391 3196; x_wconf 88' lang='lat' dir='ltr'><strong>c)</strong></span> <span class='ocrx_word' id='word_1_234' title='bbox 407 3123 659 3193; x_wconf 89' lang='lat' dir='ltr'><strong>Incommodum</strong></span> <span class='ocrx_word' id='word_1_235' title='bbox 683 3133 848 3197; x_wconf 87' lang='lat' dir='ltr'><strong>difficilius</strong></span> <span class='ocrx_word' id='word_1_236' title='bbox 867 3137 1011 3218; x_wconf 87' lang='lat' dir='ltr'><strong>judicari</strong></span> <span class='ocrx_word' id='word_1_237' title='bbox 1034 3143 1146 3218; x_wconf 88' lang='lat' dir='ltr'><strong>potest</strong></span> <span class='ocrx_word' id='word_1_238' title='bbox 1169 3145 1302 3230; x_wconf 81' lang='lat' dir='ltr'><strong>tantum</strong></span> <span class='ocrx_word' id='word_1_239' title='bbox 1317 3137 1406 3216; x_wconf 90' lang='lat' dir='ltr'><strong>quod</strong></span> 
     </span>
     <span class='ocr_line' id='line_1_31' title="bbox 319 3207 1402 3299; baseline 0.022 -35"><span class='ocrx_word' id='word_1_240' title='bbox 319 3207 428 3269; x_wconf 89' lang='lat' dir='ltr'><strong>solvat</strong></span> <span class='ocrx_word' id='word_1_241' title='bbox 451 3209 533 3289; x_wconf 85' lang='lat' dir='ltr'><strong>legis</strong></span> <span class='ocrx_word' id='word_1_242' title='bbox 558 3216 760 3280; x_wconf 87' lang='lat' dir='ltr'><strong>necessitate</strong></span> <span class='ocrx_word' id='word_1_243' title='bbox 783 3219 816 3280; x_wconf 91' lang='lat' dir='ltr'><strong>in</strong></span> <span class='ocrx_word' id='word_1_244' title='bbox 833 3219 872 3281; x_wconf 91' lang='lat' dir='ltr'><strong>iis</strong></span> <span class='ocrx_word' id='word_1_245' title='bbox 897 3222 964 3299; x_wconf 90' lang='lat' dir='ltr'><strong>qui,</strong></span> <span class='ocrx_word' id='word_1_246' title='bbox 989 3221 1062 3282; x_wconf 90' lang='lat' dir='ltr'><strong>Deo</strong></span> <span class='ocrx_word' id='word_1_247' title='bbox 1079 3220 1209 3295; x_wconf 82' lang='lat' dir='ltr'><strong>confisi,</strong></span> <span class='ocrx_word' id='word_1_248' title='bbox 1231 3221 1402 3282; x_wconf 84' lang='lat' dir='ltr'><strong>heroicam</strong></span> 
     </span>
     <span class='ocr_line' id='line_1_32' title="bbox 318 3290 652 3366; baseline 0.042 -19"><span class='ocrx_word' id='word_1_249' title='bbox 318 3290 520 3366; x_wconf 89' lang='lat' dir='ltr'><strong>profitentur</strong></span> <span class='ocrx_word' id='word_1_250' title='bbox 535 3297 652 3360; x_wconf 89' lang='lat' dir='ltr'><strong>vitam.</strong></span> 
     </span>
    </p>
   </div>
   <div class='ocr_carea' id='block_1_6' title="bbox 39 3361 1404 3796">
    <p class='ocr_par' dir='ltr' id='par_1_6' title="bbox 39 3361 1404 3632">
     <span class='ocr_line' id='line_1_33' title="bbox 39 3361 1404 3466; baseline 0.01 -34"><span class='ocrx_word' id='word_1_251' title='bbox 39 3403 41 3408; x_wconf 96' lang='lat'>·</span> <span class='ocrx_word' id='word_1_252' title='bbox 101 3361 263 3465; x_wconf 44' lang='lat' dir='ltr'><strong>peronneto-</strong></span> <span class='ocrx_word' id='word_1_253' title='bbox 358 3373 390 3450; x_wconf 85' lang='lat' dir='ltr'><strong>d)</strong></span> <span class='ocrx_word' id='word_1_254' title='bbox 408 3374 496 3437; x_wconf 90' lang='lat' dir='ltr'><strong>Usus</strong></span> <span class='ocrx_word' id='word_1_255' title='bbox 520 3389 553 3439; x_wconf 90' lang='lat' dir='ltr'><strong>et</strong></span> <span class='ocrx_word' id='word_1_256' title='bbox 575 3385 836 3446; x_wconf 89' lang='lat' dir='ltr'><strong>consuetudines</strong></span> <span class='ocrx_word' id='word_1_257' title='bbox 860 3387 1033 3448; x_wconf 87' lang='lat' dir='ltr'><strong>contraria</strong></span> <span class='ocrx_word' id='word_1_258' title='bbox 1057 3385 1182 3464; x_wconf 87' lang='lat' dir='ltr'><strong>regulis</strong></span> <span class='ocrx_word' id='word_1_259' title='bbox 1205 3385 1312 3466; x_wconf 85' lang='lat' dir='ltr'><strong>magis</strong></span> <span class='ocrx_word' id='word_1_260' title='bbox 1325 3389 1404 3447; x_wconf 90' lang='lat' dir='ltr'><strong>sunt</strong></span> 
     </span>
     <span class='ocr_line' id='line_1_34' title="bbox 101 3430 1401 3560; baseline 0.014 -49"><span class='ocrx_word' id='word_1_261' title='bbox 101 3430 261 3537; x_wconf 53' lang='lat' dir='ltr'><strong>,Jgsslassf&#39;m</strong></span> <span class='ocrx_word' id='word_1_262' title='bbox 316 3467 473 3537; x_wconf 85' lang='lat' dir='ltr'><strong>suspecta</strong></span> <span class='ocrx_word' id='word_1_263' title='bbox 488 3469 522 3522; x_wconf 92' lang='lat' dir='ltr'><strong>et</strong></span> <span class='ocrx_word' id='word_1_264' title='bbox 537 3464 671 3544; x_wconf 88' lang='lat' dir='ltr'><strong>saepius</strong></span> <span class='ocrx_word' id='word_1_265' title='bbox 696 3467 876 3546; x_wconf 87' lang='lat' dir='ltr'><strong>rejicienda</strong></span> <span class='ocrx_word' id='word_1_266' title='bbox 900 3479 1062 3548; x_wconf 89' lang='lat' dir='ltr'><strong>tanquam</strong></span> <span class='ocrx_word' id='word_1_267' title='bbox 1085 3469 1312 3560; x_wconf 81' lang='lat' dir='ltr'><strong>corruptelae,</strong></span> <span class='ocrx_word' id='word_1_268' title='bbox 1331 3475 1401 3560; x_wconf 83' lang='lat' dir='ltr'><strong>tum</strong></span> 
     </span>
     <span class='ocr_line' id='line_1_35' title="bbox 316 3538 1403 3632; baseline 0.013 -34"><span class='ocrx_word' id='word_1_269' title='bbox 316 3538 392 3614; x_wconf 90' lang='lat' dir='ltr'><strong>quia</strong></span> <span class='ocrx_word' id='word_1_270' title='bbox 408 3544 545 3616; x_wconf 74' lang='lat' dir='ltr'><strong>regulae</strong></span> <span class='ocrx_word' id='word_1_271' title='bbox 561 3545 666 3624; x_wconf 76' lang='lat' dir='ltr'><strong>magis</strong></span> <span class='ocrx_word' id='word_1_272' title='bbox 683 3549 715 3608; x_wconf 92' lang='lat' dir='ltr'><strong>iu</strong></span> <span class='ocrx_word' id='word_1_273' title='bbox 740 3551 895 3630; x_wconf 87' lang='lat' dir='ltr'><strong>particuli</strong></span> <span class='ocrx_word' id='word_1_274' title='bbox 918 3558 1061 3632; x_wconf 90' lang='lat' dir='ltr'><strong>prosunt</strong></span> <span class='ocrx_word' id='word_1_275' title='bbox 1078 3551 1119 3612; x_wconf 90' lang='lat' dir='ltr'><strong>ad</strong></span> <span class='ocrx_word' id='word_1_276' title='bbox 1136 3552 1312 3631; x_wconf 84' lang='lat' dir='ltr'><strong>spirituale</strong></span> <span class='ocrx_word' id='word_1_277' title='bbox 1327 3552 1403 3612; x_wconf 84' lang='lat' dir='ltr'><strong>relt-</strong></span> 
     </span>
    </p>

    <p class='ocr_par' dir='ltr' id='par_1_7' title="bbox 246 3617 1402 3726">
     <span class='ocr_line' id='line_1_36' title="bbox 246 3617 1402 3726; baseline 0.014 -47"><span class='ocrx_word' id='word_1_278' title='bbox 246 3617 252 3625; x_wconf 88' lang='lat'>&#39;</span> <span class='ocrx_word' id='word_1_279' title='bbox 314 3619 485 3696; x_wconf 83' lang='lat' dir='ltr'><strong>giosorum</strong></span> <span class='ocrx_word' id='word_1_280' title='bbox 508 3625 764 3708; x_wconf 88' lang='lat' dir='ltr'><strong>incrementum,</strong></span> <span class='ocrx_word' id='word_1_281' title='bbox 791 3639 861 3694; x_wconf 89' lang='lat' dir='ltr'><strong>tum</strong></span> <span class='ocrx_word' id='word_1_282' title='bbox 886 3635 962 3714; x_wconf 87' lang='lat' dir='ltr'><strong>quia</strong></span> <span class='ocrx_word' id='word_1_283' title='bbox 979 3635 1162 3695; x_wconf 87' lang='lat' dir='ltr'><strong>humanum</strong></span> <span class='ocrx_word' id='word_1_284' title='bbox 1180 3632 1316 3707; x_wconf 88' lang='lat' dir='ltr'><strong>bonum,</strong></span> <span class='ocrx_word' id='word_1_285' title='bbox 1335 3652 1402 3726; x_wconf 82' lang='lat' dir='ltr'><strong>quo</strong></span> 
     </span>
    </p>

    <p class='ocr_par' dir='ltr' id='par_1_8' title="bbox 313 3703 1401 3796">
     <span class='ocr_line' id='line_1_37' title="bbox 313 3703 1401 3796; baseline 0.017 -36"><span class='ocrx_word' id='word_1_286' title='bbox 313 3703 356 3761; x_wconf 91' lang='lat' dir='ltr'><strong>sit</strong></span> <span class='ocrx_word' id='word_1_287' title='bbox 379 3705 491 3783; x_wconf 85' lang='lat' dir='ltr'><strong>altius,</strong></span> <span class='ocrx_word' id='word_1_288' title='bbox 510 3727 549 3768; x_wconf 92' lang='lat' dir='ltr'><strong>eo</strong></span> <span class='ocrx_word' id='word_1_289' title='bbox 573 3711 679 3789; x_wconf 87' lang='lat' dir='ltr'><strong>magis</strong></span> <span class='ocrx_word' id='word_1_290' title='bbox 702 3731 743 3774; x_wconf 84' lang='lat' dir='ltr'><strong>ex</strong></span> <span class='ocrx_word' id='word_1_291' title='bbox 767 3717 881 3776; x_wconf 91' lang='lat' dir='ltr'><strong>multis</strong></span> <span class='ocrx_word' id='word_1_292' title='bbox 897 3725 948 3778; x_wconf 92' lang='lat' dir='ltr'><strong>est</strong></span> <span class='ocrx_word' id='word_1_293' title='bbox 968 3723 1178 3794; x_wconf 86' lang='lat' dir='ltr'><strong>concretum,</strong></span> <span class='ocrx_word' id='word_1_294' title='bbox 1207 3736 1349 3796; x_wconf 91' lang='lat' dir='ltr'><strong>quorum</strong></span> <span class='ocrx_word' id='word_1_295' title='bbox 1373 3737 1401 3778; x_wconf 84' lang='lat' dir='ltr'><strong>st</strong></span> 
     </span>
    </p>
   </div>
   <div class='ocr_carea' id='block_1_7' title="bbox 312 3787 1401 3956">
    <p class='ocr_par' dir='ltr' id='par_1_9' title="bbox 312 3787 1401 3956">
     <span class='ocr_line' id='line_1_38' title="bbox 312 3787 1401 3881; baseline 0.018 -39"><span class='ocrx_word' id='word_1_296' title='bbox 312 3802 416 3848; x_wconf 90' lang='lat' dir='ltr'><strong>unum</strong></span> <span class='ocrx_word' id='word_1_297' title='bbox 439 3787 564 3852; x_wconf 83' lang='lat' dir='ltr'><strong>demas.</strong></span> <span class='ocrx_word' id='word_1_298' title='bbox 590 3794 774 3872; x_wconf 89' lang='lat' dir='ltr'><strong>periculum</strong></span> <span class='ocrx_word' id='word_1_299' title='bbox 799 3806 850 3858; x_wconf 91' lang='lat' dir='ltr'><strong>est</strong></span> <span class='ocrx_word' id='word_1_300' title='bbox 875 3819 916 3860; x_wconf 94' lang='lat' dir='ltr'><strong>ne</strong></span> <span class='ocrx_word' id='word_1_301' title='bbox 941 3800 1013 3881; x_wconf 88' lang='lat' dir='ltr'><strong>ipsa</strong></span> <span class='ocrx_word' id='word_1_302' title='bbox 1029 3801 1107 3862; x_wconf 91' lang='lat' dir='ltr'><strong>boni</strong></span> <span class='ocrx_word' id='word_1_303' title='bbox 1132 3800 1219 3861; x_wconf 87' lang='lat' dir='ltr'><strong>ratio</strong></span> <span class='ocrx_word' id='word_1_304' title='bbox 1243 3801 1401 3862; x_wconf 89' lang='lat' dir='ltr'><strong>substan·</strong></span> 
     </span>
     <span class='ocr_line' id='line_1_39' title="bbox 312 3866 864 3956; baseline 0.027 -29"><span class='ocrx_word' id='word_1_305' title='bbox 312 3866 399 3929; x_wconf 86' lang='lat' dir='ltr'><strong>tialis</strong></span> <span class='ocrx_word' id='word_1_306' title='bbox 416 3869 547 3933; x_wconf 87' lang='lat' dir='ltr'><strong>deficiat</strong></span> <span class='ocrx_word' id='word_1_307' title='bbox 564 3882 597 3934; x_wconf 90' lang='lat' dir='ltr'><strong>et</strong></span> <span class='ocrx_word' id='word_1_308' title='bbox 613 3881 864 3956; x_wconf 88' lang='lat' dir='ltr'><strong>pessumdetur.</strong></span> 
     </span>
    </p>
   </div>
   <div class='ocr_carea' id='block_1_8' title="bbox 1552 3699 1570 3749">
    <p class='ocr_par' dir='ltr' id='par_1_10' title="bbox 1552 3651 1570 3764">
     <span class='ocr_line' id='line_1_40' title="bbox 1552 3699 1570 3749; baseline 0 0"><span class='ocrx_word' id='word_1_309' title='bbox 1552 3699 1570 3749; x_wconf 61' lang='lat' dir='ltr'><strong>e</strong></span> 
     </span>
    </p>
   </div>
   <div class='ocr_carea' id='block_1_9' title="bbox 500 4039 1201 4122">
    <p class='ocr_par' dir='ltr' id='par_1_11' title="bbox 500 4039 1201 4122">
     <span class='ocr_line' id='line_1_41' title="bbox 500 4039 1201 4122; baseline 0.027 -30"><span class='ocrx_word' id='word_1_310' title='bbox 500 4047 693 4097; x_wconf 73' lang='lat' dir='ltr'><strong>AtertctJLus</strong></span> <span class='ocrx_word' id='word_1_311' title='bbox 714 4053 766 4100; x_wconf 89' lang='lat'><strong>111.</strong></span> <span class='ocrx_word' id='word_1_312' title='bbox 792 4039 832 4103; x_wconf 78' lang='lat' dir='ltr'><strong>lle</strong></span> <span class='ocrx_word' id='word_1_313' title='bbox 855 4039 1042 4122; x_wconf 82' lang='lat' dir='ltr'><strong>Obliqalione</strong></span> <span class='ocrx_word' id='word_1_314' title='bbox 1063 4045 1201 4112; x_wconf 82' lang='lat' dir='ltr'><strong>Votorum</strong></span> 
     </span>
    </p>
   </div>
   <div class='ocr_carea' id='block_1_10' title="bbox 540 4184 1162 4298">
    <p class='ocr_par' dir='ltr' id='par_1_12' title="bbox 540 4184 1162 4298">
     <span class='ocr_line' id='line_1_42' title="bbox 540 4184 1162 4298; baseline 0.026 -36"><span class='ocrx_word' id='word_1_315' title='bbox 540 4193 555 4280; x_wconf 61' lang='grc' dir='ltr'><em>ξ</em></span> <span class='ocrx_word' id='word_1_316' title='bbox 579 4209 610 4264; x_wconf 90' lang='lat'><strong>1.</strong></span> <span class='ocrx_word' id='word_1_317' title='bbox 634 4184 702 4266; x_wconf 80' lang='lat' dir='ltr'><strong>De</strong></span> <span class='ocrx_word' id='word_1_318' title='bbox 724 4188 830 4269; x_wconf 77' lang='lat' dir='ltr'><strong>Volo</strong></span> <span class='ocrx_word' id='word_1_319' title='bbox 850 4194 1131 4298; x_wconf 64' lang='lat' dir='ltr'><strong>Pauperiotr&#39;s</strong></span> <span class='ocrx_word' id='word_1_320' title='bbox 1155 4199 1162 4238; x_wconf 84' lang='lat'>¹</span> 
     </span>
    </p>
   </div>
   <div class='ocr_carea' id='block_1_11' title="bbox 305 4372 1396 4540">
    <p class='ocr_par' dir='ltr' id='par_1_13' title="bbox 305 4372 1396 4540">
     <span class='ocr_line' id='line_1_43' title="bbox 305 4372 1396 4458; baseline 0.021 -34"><span class='ocrx_word' id='word_1_321' title='bbox 305 4372 334 4426; x_wconf 92' lang='lat' dir='ltr'><strong>S.</strong></span> <span class='ocrx_word' id='word_1_322' title='bbox 356 4374 499 4443; x_wconf 81' lang='lat' dir='ltr'><strong>Tltomas,</strong></span> <span class='ocrx_word' id='word_1_323' title='bbox 511 4378 534 4440; x_wconf 83' lang='lat'><strong>2,</strong></span> <span class='ocrx_word' id='word_1_324' title='bbox 547 4379 570 4440; x_wconf 82' lang='lat'><strong>2,</strong></span> <span class='ocrx_word' id='word_1_325' title='bbox 582 4393 606 4444; x_wconf 93' lang='lat' dir='ltr'><strong>q.</strong></span> <span class='ocrx_word' id='word_1_326' title='bbox 621 4381 676 4443; x_wconf 81' lang='lat'><strong>184,</strong></span> <span class='ocrx_word' id='word_1_327' title='bbox 689 4383 741 4434; x_wconf 85' lang='lat' dir='ltr'><strong>art.</strong></span> <span class='ocrx_word' id='word_1_328' title='bbox 755 4385 787 4447; x_wconf 86' lang='lat'><strong>3;</strong></span> <span class='ocrx_word' id='word_1_329' title='bbox 806 4399 830 4450; x_wconf 93' lang='lat' dir='ltr'><strong>q.</strong></span> <span class='ocrx_word' id='word_1_330' title='bbox 845 4386 899 4448; x_wconf 84' lang='lat'><strong>185,</strong></span> <span class='ocrx_word' id='word_1_331' title='bbox 913 4389 966 4440; x_wconf 86' lang='lat' dir='ltr'><strong>art.</strong></span> <span class='ocrx_word' id='word_1_332' title='bbox 979 4390 1002 4452; x_wconf 85' lang='lat'><strong>6,</strong></span> <span class='ocrx_word' id='word_1_333' title='bbox 1017 4390 1054 4442; x_wconf 88' lang='lat' dir='ltr'><strong>ad</strong></span> <span class='ocrx_word' id='word_1_334' title='bbox 1068 4393 1098 4456; x_wconf 91' lang='lat'><strong>1;</strong></span> <span class='ocrx_word' id='word_1_335' title='bbox 1117 4406 1142 4458; x_wconf 91' lang='lat' dir='ltr'><strong>q.</strong></span> <span class='ocrx_word' id='word_1_336' title='bbox 1162 4394 1217 4456; x_wconf 85' lang='lat'><strong>186,</strong></span> <span class='ocrx_word' id='word_1_337' title='bbox 1230 4395 1282 4446; x_wconf 87' lang='lat' dir='ltr'><strong>art.</strong></span> <span class='ocrx_word' id='word_1_338' title='bbox 1295 4397 1311 4449; x_wconf 82' lang='lat'><strong>3</strong></span> <span class='ocrx_word' id='word_1_339' title='bbox 1324 4396 1352 4447; x_wconf 89' lang='lat' dir='ltr'><strong>ot</strong></span> <span class='ocrx_word' id='word_1_340' title='bbox 1365 4397 1396 4458; x_wconf 83' lang='lat'><strong>7;</strong></span> 
     </span>
     <span class='ocr_line' id='line_1_44' title="bbox 338 4451 1396 4540; baseline 0.023 -38"><span class='ocrx_word' id='word_1_341' title='bbox 338 4463 362 4515; x_wconf 90' lang='lat' dir='ltr'><strong>q.</strong></span> <span class='ocrx_word' id='word_1_342' title='bbox 383 4451 437 4514; x_wconf 88' lang='lat'><strong>188,</strong></span> <span class='ocrx_word' id='word_1_343' title='bbox 456 4454 507 4506; x_wconf 88' lang='lat' dir='ltr'><strong>art.</strong></span> <span class='ocrx_word' id='word_1_344' title='bbox 527 4457 549 4518; x_wconf 83' lang='grc'><strong>7,</strong></span> <span class='ocrx_word' id='word_1_345' title='bbox 568 4469 607 4520; x_wconf 88' lang='lat' dir='ltr'><strong>o.;</strong></span> <span class='ocrx_word' id='word_1_346' title='bbox 625 4459 791 4528; x_wconf 78' lang='lat' dir='ltr'><strong>Passerint&#39;,</strong></span> <span class='ocrx_word' id='word_1_347' title='bbox 811 4463 851 4516; x_wconf 80' lang='lat' dir='ltr'><strong>De</strong></span> <span class='ocrx_word' id='word_1_348' title='bbox 867 4467 1019 4522; x_wconf 77' lang='lat' dir='ltr'><strong>Hominum</strong></span> <span class='ocrx_word' id='word_1_349' title='bbox 1037 4470 1172 4537; x_wconf 73' lang='lat' dir='ltr'><strong>Statilius,</strong></span> <span class='ocrx_word' id='word_1_350' title='bbox 1194 4473 1238 4524; x_wconf 87' lang='lat' dir='ltr'><strong>t.1</strong></span> <span class='ocrx_word' id='word_1_351' title='bbox 1259 4474 1325 4540; x_wconf 89' lang='lat' dir='ltr'><strong>inq.</strong></span> <span class='ocrx_word' id='word_1_352' title='bbox 1341 4475 1396 4539; x_wconf 88' lang='lat'><strong>186,</strong></span> 
     </span>
    </p>
   </div>
   <div class='ocr_carea' id='block_1_12' title="bbox 331 4639 929 4707">
    <p class='ocr_par' dir='ltr' id='par_1_14' title="bbox 331 4639 929 4707">
     <span class='ocr_line' id='line_1_45' title="bbox 331 4639 929 4707; baseline 0.027 -20"><span class='ocrx_word' id='word_1_353' title='bbox 331 4639 404 4689; x_wconf 72' lang='lat' dir='ltr'><strong>lClr.</strong></span> <span class='ocrx_word' id='word_1_354' title='bbox 417 4640 445 4688; x_wconf 92' lang='lat' dir='ltr'><strong>in</strong></span> <span class='ocrx_word' id='word_1_355' title='bbox 456 4642 542 4691; x_wconf 87' lang='lat' dir='ltr'><strong>altero</strong></span> <span class='ocrx_word' id='word_1_356' title='bbox 553 4649 634 4703; x_wconf 90' lang='lat' dir='ltr'><strong>tomo,</strong></span> <span class='ocrx_word' id='word_1_357' title='bbox 647 4652 866 4707; x_wconf 88' lang='lat' dir='ltr'><strong>supplementum</strong></span> <span class='ocrx_word' id='word_1_358' title='bbox 882 4669 929 4704; x_wconf 84' lang='lat' dir='ltr'><strong>vu.</strong></span> 
     </span>
    </p>
   </div>
   <div class='ocr_carea' id='block_1_13' title="bbox 0 0 1578 5004">
    <p class='ocr_par' dir='ltr' id='par_1_15' title="bbox 0 0 1578 5004">
     <span class='ocr_line' id='line_1_46' title="bbox 0 0 1578 5004; baseline 0 11"><span class='ocrx_word' id='word_1_359' title='bbox 0 0 1578 5004; x_wconf 95' lang='lat' dir='ltr'><strong> </strong></span> 
     </span>
    </p>
   </div>
  </div>
 </body>
</html>
