3148 5004
335 434 354 494 (t
726 459 793 494 rins
809 460 905 494 ruini.
923 459 1038 496 ciruri

136 587 282 654 transtur-
333 631 338 636 .
371 585 428 643 Per
442 605 474 643 se
493 590 578 645 tertia
592 590 726 666 ejusdem
744 602 839 649 status
853 593 927 648 ratio
943 591 1015 665 fingi
1029 595 1131 665 possit,
1146 611 1222 666 quae
1237 612 1272 650 eo
1283 595 1423 667 spectarit

124 650 179 694 ‘¹¹⁴⁵‘
335 685 367 734 ut
382 692 558 746 permaneas
570 679 599 733 in
615 691 692 734 statu
706 681 867 752 acquisitae
882 679 1084 753 perfectionis;
1108 698 1223 751 verum,
1238 699 1307 738 cum
1331 699 1421 738 nemo

334 757 398 817 sine
424 763 666 834 praesumptione
693 761 822 835 profiteri
835 782 876 826 ,se
902 765 994 837 possit
1016 763 1178 838 perfectum
1198 775 1222 839 ¹¹,
1244 766 1317 821 haec
1337 765 1421 822 tertia

334 843 409 900 ratio
423 843 530 901 ficticia
544 845 631 903 fuerit
646 860 675 902 et
689 848 828 906 mendax.

370 926 400 982 Si
414 929 561 1001 duplicem
576 931 747 987 consideres
758 933 919 988 terminum
934 933 1073 1001 caritatis,
1089 932 1188 988 Deum
1201 941 1229 988 et
1240 930 1420 1004 proximum,

332 1014 442 1084 pariter
454 1014 602 1085 duplicem
617 1017 759 1087 repereris
773 1028 882 1071 statum
895 1015 1096 1087 perfectionis:
1111 1018 1238 1073 alterum
1253 1017 1421 1073 ordinatum

332 1097 371 1152 ad
385 1096 595 1168 perfectionem
609 1095 777 1156 dilectionis
792 1095 861 1168 Dei,
882 1100 933 1172 qui
953 1112 997 1154 est
1011 1100 1229 1171 religiosorum,
1244 1103 1371 1158 alterum
1385 1101 1423 1156 ad

335 1180 545 1254 perfectionem
559 1179 725 1239 dilectionis
734 1179 881 1258 proximi,
899 1183 949 1254 qui
964 1183 1089 1254 pertinet
1102 1184 1139 1238 ad
1153 1184 1316 1255 Episcopos
1329 1196 1350 1241 ².

370 1263 435 1320 Nec
460 1265 554 1321 variat
570 1266 731 1333 conclusio,
759 1267 784 1320 si
809 1267 845 1320 ad
868 1265 1019 1320 Christum
1048 1267 1210 1336 respexeris
1236 1266 1424 1339 perfectiouis

333 1357 363 1403 et
384 1351 536 1421 exemplar
556 1360 585 1404 et
609 1361 772 1404 auctorem.
798 1348 900 1405 Voluit
918 1350 999 1406 enim
1014 1367 1078 1405 esse
1098 1351 1127 1405 in
1144 1350 1276 1406 Ecclesia
1289 1353 1421 1409 studium

334 1431 521 1504 perfectionis
543 1433 580 1487 ed
604 1450 696 1504 quam
721 1433 859 1488 homines
873 1433 1015 1502 hortatur,
1032 1434 1154 1504 ipseque
1168 1434 1295 1489 instituit
1310 1453 1422 1492 munus

334 1517 506 1586 pastorale3,
514 1516 599 1589 cujus
610 1534 675 1571 eam
689 1517 841 1587 proposuit
851 1517 1015 1589 imaginem
1024 1535 1030 1573 :
1040 1541 1052 1568 <i
1061 1515 1164 1572 Bonus
1175 1527 1275 1590 pastor
1284 1518 1421 1573 animam

332 1617 419 1654 suam
434 1601 483 1655 dat
498 1617 549 1671 pro
564 1601 670 1656 ovibus
684 1600 745 1655 suis
759 1611 780 1654 4.
799 1623 811 1652 ›>
1371 1614 1373 1620 ·

141 1727 282 1774 mma-0„
378 1699 414 1762 9.
438 1697 528 1758 Vera
545 1716 626 1777 ergo
642 1706 675 1759 et
691 1698 842 1760 formalis
865 1699 953 1760 ratio
975 1719 1036 1760 cur
1057 1699 1215 1781 Episcopi
1240 1705 1423 1761 versentur

122 1799 168 1842 ira
184 1786 283 1850 episcopt·
336 1778 368 1839 in
385 1788 477 1841 statu
493 1780 708 1860 perfectionis
725 1792 776 1842 est
785 1781 937 1862 professio
946 1786 1109 1862 perpetuae
1125 1802 1215 1844 curae
1230 1782 1421 1846 animarum.

119 1845 283 1959 mpsim
334 1862 430 1924 Haec
447 1882 535 1924 enini
552 1875 621 1924 tres
634 1864 785 1926 continet
801 1873 899 1926 notas
911 1865 922 1900 ⁵
936 1864 1104 1946 perfectae
1121 1866 1273 1927 caritatis
1286 1865 1328 1926 ad
1346 1884 1423 1946 pro-

274 1936 278 1947 '
334 1946 486 2006 ximuin:
516 1944 708 2006 dilectioueru
736 1947 811 2008 dico
837 1946 1044 2014 iur'rru'coruru,¹
1077 1967 1155 2010 cum
1186 1968 1248 2008 sua
1279 1950 1422 2009 caritate

335 2028 435 2088 etiam
462 2046 519 2088 eas
543 2029 717 2110 complecti
735 2029 855 2090 debeat
872 2049 953 2091 oves
972 2031 1157 2111 Episcopus
1174 2050 1260 2110 quae
1277 2030 1423 2092 fortasse

336 2111 404 2172 sint
419 2111 587 2188 inimicae;
605 2112 684 2173 tritae
699 2110 897 2189 impendium,
916 2133 991 2174 cum
1005 2113 1200 2192 quotidiana
1217 2121 1250 2175 et
1267 2113 1423 2193 perennis

335 2192 526 2256 sollicitudo
534 2193 605 2275 jam
624 2193 779 2256 videatur
795 2196 969 2258 continere
982 2196 1105 2257 donum
1117 2196 1219 2272 vitae,
1236 2215 1320 2274 quae
1335 2203 1423 2258 cete·

335 2297 422 2354 ruiti,
448 2277 474 2337 si
491 2297 575 2357 opus
591 2277 704 2356 fuerit,
722 2286 773 2338 est
788 2280 831 2339 ab
854 2279 1022 2360 Episcopo
1045 2277 1277 2358 profundenda
1293 2275 1440 2360 plargip

335 2359 448 2422 tioueru
464 2359 605 2437 denique
619 2359 806 2436 diuinorum,
822 2382 898 2423 cum
913 2362 953 2422 de
966 2360 1128 2442 spirituali
1146 2369 1269 2440 agatur
1286 2380 1423 2422 munere

336 2441 506 2522 pascendi.
535 2443 629 2504 Haec
646 2451 697 2502 est
721 2444 898 2505 manifesta
921 2445 1074 2505 doctrina
1099 2445 1133 2505 S.
1164 2443 1327 2521 Thoniae,
1353 2452 1423 2508 tuin

334 2545 363 2584 c.
378 2530 473 2601 16.17
489 2524 640 2604 opusculi
653 2523 891 2604 Depersectr'oire
906 2525 985 2587 tritae
998 2525 1193 2606 spiritualis,
1209 2541 1279 2587 tuni
1292 2526 1423 2588 Summa

334 2604 425 2668 tltcol.
443 2628 473 2667 2.
491 2628 521 2681 2,
540 2625 572 2685 q.
594 2611 641 2667 18.

150 2761 176 2808 Ν
370 2711 515 2787 Quamvis
530 2711 558 2766 id
572 2729 632 2766 noti
647 2711 749 2784 paucis
762 2730 817 2767 nec
833 2713 997 2784 proletariis
1012 2713 1154 2783 placuerit
1169 2713 1315 2784 theologis
1325 2715 1346 2783 ⁶,
1361 2732 1421 2770 non

121 2775 215 2865 sentiit
225 2775 279 2879 iii.
333 2799 471 2854 videntur
491 2798 577 2852 nobis
599 2797 739 2869 Episcopi
753 2798 869 2869 proprie
889 2799 958 2869 poni
974 2814 1059 2869 posse
1082 2793 1115 2853 itt
1133 2799 1214 2854 statu
1231 2792 1423 2872 perfectiouis

116 2875 192 2937 sccii?
333 2878 503 2959 acquisitae.
520 2881 661 2937 Etenim:

368 2969 396 3040 a)
410 2965 510 3022 S:atus
523 2965 727 3020 aestimandus
742 2975 785 3019 est
799 2983 834 3020 ex
845 2961 1036 3042 professione.
1053 2965 1174 3021 Nullam
1191 2975 1293 3021 autern
1310 2964 1424 3021 faciunt

333 3049 472 3122 Episcopi
485 3045 647 3125 acquisitae
658 3043 847 3120 perfectiouis
857 3045 1071 3126 professiorierrr
1084 3057 1106 3107 7.

370 3133 398 3205 b)
413 3131 486 3200 Nec,
501 3133 525 3186 si
543 3149 610 3186 eam
627 3131 775 3201 intelligas
795 3131 1006 3204 perfectionem
1021 3135 1163 3205 adquam
1178 3133 1345 3205 diriguntur
1358 3133 1423 3188 reli·

332 3217 417 3289 giosi,
429 3217 529 3287 aliquo
543 3229 629 3287 pacto
643 3213 775 3271 effeceris
788 3234 864 3288 opus
878 3229 985 3273 esseut
1000 3218 1140 3290 Episcopi
1154 3220 1213 3274 sint
1225 3220 1302 3273 hanc
1314 3216 1423 3289 perfec-

333 3302 444 3356 tionem
459 3299 557 3371 adepti
570 3299 591 3355 8.
613 3298 759 3374 Quamvis
781 3301 863 3355 enim
887 3318 1078 3373 summopere
1101 3301 1236 3373 expediat
1259 3301 1424 3373 Episcopus

336 3544 341 3553 '
363 3538 370 3570 1
388 3534 430 3583 Cf.
444 3553 465 3582 2.
479 3553 501 3588 2,
514 3549 539 3592 q.
556 3541 604 3588 185.
616 3538 667 3581 art.
682 3527 702 3580 3'.
716 3537 764 3570 —2
781 3536 807 3582 S.
822 3535 1097 3592 Thomasopusculo.
1111 3534 1148 3580 Dr
1157 3531 1249 3592 perfect.
1265 3536 1329 3589 eto,
1342 3546 1367 3582 c.
1384 3549 1421 3590 17.

361 3596 372 3628 3
391 3611 399 3637 i
419 3594 480 3650 Ipse
495 3591 571 3638 dedit
589 3592 722 3652 quosdam
741 3592 854 3651 quidam
872 3594 1053 3650 apostolos...
1068 3593 1137 3637 alios
1154 3599 1250 3637 autem
1262 3595 1393 3649 pastores.
1412 3610 1420 3634 i

332 3649 545 3719 adEpltrs.4.1i.

361 3708 928 3768 43.J0artrt.to.11.—5Cfr.supra,n.3.
1059 3761 1062 3769 Ι

336 3810 340 3818 ,
362 3767 425 3812 rita
437 3766 620 3813 Bellarminus
629 3766 654 3811 ΙΙ
665 3766 778 3814 Controu.
792 3766 833 3813 21.
848 3783 869 3819 2.
882 3779 905 3812 c.
920 3781 941 3818 2.
952 3777 981 3810 n.
994 3779 1007 3820 7
1020 3767 1114 3820 etipse
1127 3764 1227 3828 Suarez
1241 3765 1278 3810 De
1288 3765 1421 3823 Religione,

333 3829 365 3870 tr.
379 3839 401 3878 7,
415 3826 431 3871 l.
448 3841 467 3877 i,
478 3837 501 3869 c.
517 3831 551 3876 15,
565 3839 590 3869 n.
602 3831 623 3871 5.
637 3824 684 3882 qui
702 3832 792 3870 tamen
804 3836 828 3868 c.
841 3840 877 3879 14,
888 3836 914 3868 ri.
928 3827 1099 3878 9extenuare
1110 3832 1216 3876 cogitur
1227 3836 1305 3870 suam
1317 3831 1423 3872 senten·

333 3882 408 3929 tiam.
421 3881 473 3928 His
483 3882 647 3938 astipulatur
659 3882 746 3928 Bouix
758 3882 794 3926 Dr
803 3881 858 3938 jure
870 3879 1025 3943 regularium,
1036 3892 1062 3936 p.
1078 3896 1098 3933 1,
1111 3894 1132 3926 s.
1148 3897 1168 3933 i,
1181 3893 1205 3926 c.
1218 3899 1241 3936 4.
1255 3885 1277 3928 A
1290 3880 1423 3940 theologis

332 3939 1420 3996 huncmodumdicendimutuatisuntpleriquescriptoresrerumasceticarum.

361 3997 437 4045 inr.
452 4012 475 4044 v.
489 4012 531 4061 gr.
546 3997 683 4056 quomodo
700 3998 725 4044 S.
745 3995 865 4041 Thomas
883 3995 1009 4057 ostendat
1027 3993 1217 4053 presbyterum
1237 4007 1363 4044 curatum
1379 4000 1423 4046 vel

332 4055 558 4102 archidiaconum
570 4067 624 4101 nori
636 4053 737 4100 versati
751 4053 778 4100 in
790 4060 861 4099 statu
874 4053 1058 4116 perfectionis.
1071 4053 1204 4113 Deperfect.
1216 4057 1251 4100 vit
1275 4059 1334 4114 spir.
1348 4069 1372 4102 c.
1383 4075 1420 4112 24.

362 4113 476 4173 sQuare
487 4127 540 4159 noti
551 4126 697 4170 possumus
708 4109 834 4157 assentiri
847 4112 877 4158 C.
895 4111 1062 4157 Bellarmino
1076 4109 1217 4166 scribenti,
1238 4113 1255 4159 l.
1274 4127 1298 4160 c.
1318 4131 1327 4157 t
1343 4115 1422 4172 Epis-

332 4185 393 4231 copi
407 4170 538 4218 deberent
556 4184 613 4216 esse
632 4168 754 4228 perfecti,
769 4168 797 4214 id
809 4176 848 4215 est
860 4167 895 4216 ad
907 4182 969 4232 eum
980 4168 1095 4226 gradum
1113 4169 1236 4217 caritatis
1253 4185 1421 4227 pervenisse,

332 4230 368 4277 ad
386 4244 468 4290 quein
486 4227 604 4286 religiosi
627 4241 674 4286 per
692 4240 743 4273 sua
761 4233 824 4272 vota
836 4235 861 4272 et
877 4227 1007 4273 exercitia
1023 4228 1200 4276 contendunt.
1217 4227 1375 4276 iObserves
1386 4229 1422 4276 ab

333 4287 401 4346 ips0,
414 4287 474 4335 eod.
489 4288 559 4341 loco,
572 4283 689 4332 describi
701 4297 764 4331 eum
775 4283 890 4348 gradum
907 4292 936 4330 ut
948 4287 1029 4333 talem
1040 4297 1095 4343 quo
1108 4287 1182 4332 Deus
1193 4286 1324 4344 diligatur
1336 4301 1422 4346 quaii-

332 4353 390 4393 ttim
410 4350 500 4404 potest
518 4357 534 4391 a
555 4351 681 4390 creatura
699 4343 817 4396 mortali,
836 4349 863 4389 et
885 4348 995 4406 propter
1016 4342 1087 4391 hanc
1105 4342 1300 4401 perfectionem
1320 4351 1423 4393 statum

333 4404 534 4464 Episcoporum
545 4399 680 4448 nominari
693 4407 795 4448 statum
806 4400 985 4458 perfectionis
997 4400 1160 4461 acquisitae.
