3138 5014
144 419 241 499 [433]
488 441 524 475 os
547 437 733 474 sacramento
749 437 862 472 onorius
1164 411 1225 474 295

139 574 283 638 Ordines
305 575 548 657 suscipiendos.
563 575 632 638 Nec
646 571 875 638 testimonium
890 571 1005 634 datum
1021 571 1063 632 ad
1083 568 1225 634 Ordines

139 657 284 720 minores
314 658 439 722 sufficit
465 658 506 720 acl
534 657 678 721 Ordines
704 656 860 738 majores,
886 674 961 718 cum
988 653 1226 735 impedimenta

137 740 204 802 sint
227 742 364 823 propria
390 740 555 804 Ordinum
576 757 768 803 sacrorum.
796 737 867 802 Clr.
894 735 1104 814 d'Annibale,
1132 735 1225 798 Sam·

136 821 224 886 mitte
244 840 293 902 111,
311 843 345 888 n.
371 845 443 904 292,
467 831 548 886 nota
566 845 614 887 11.
712 899 714 906 y

178 907 303 968 Notum
320 917 497 988 praeterea
512 911 563 968 est
580 903 832 988 provehendum
844 902 885 965 ad
897 901 1059 965 Ordinem
1073 899 1224 982 superio·

136 1007 207 1050 rem
230 987 350 1051 afferre
373 989 493 1052 debere
517 988 661 1072 diploma
684 987 724 1050 de
746 992 903 1069 suscepto
919 984 1044 1048 Ordine
1067 983 1226 1055 inferiore¹

138 1071 192 1136 vet
207 1070 316 1154 prima
331 1078 485 1134 tonsura.
1043 1106 1045 1110 ·

163 1175 214 1296 114.Ι
229 1152 365 1299 Titaiarp
376 1152 567 1236 paupertatis
580 1173 647 1215 non
660 1151 787 1216 habent
800 1150 960 1213 Instituta
972 1156 1131 1212 votorum
1146 1147 1223 1210 sim-

174 1255 274 1298 rcium
304 1256 339 1298 se
377 1255 385 1299 ι
889 1280 894 1286 .

139 1254 210 1397 pa)
227 1284 366 1383 Ut’suos
392 1319 434 1380 ad
458 1319 672 1400 Episcopum,
697 1316 865 1378 dimittere
881 1315 1017 1376 valeant
1041 1313 1225 1393 impetrare

137 1402 246 1464 solent
269 1421 289 1463 a
313 1402 349 1464 S.
377 1401 463 1465 Sede
489 1401 624 1463 titulum
647 1397 895 1481 privilegiatum
919 1397 928 1426 ¹
954 1394 1222 1478 Congregatioris,

136 1483 261 1625 plantae
277 1485 456 1563 coarmants,
481 1485 535 1546 vel
556 1481 728 1561 Missicais,
756 1481 785 1543 si
808 1481 983 1560 evangelio
1005 1479 1224 1564 propagando

160 1584 177 1625 e
203 1571 353 1629 utentur.
715 1607 716 1612 η
1224 1611 1226 1616 .

178 1583 211 1724 ii)
227 1648 323 1729 Quod
338 1648 380 1711 ad
396 1668 486 1710 usam
496 1647 584 1710 istius
596 1647 691 1726 titali,
704 1646 888 1716 observare
914 1646 1037 1709 debent
1052 1644 1225 1708 decretum

1309 1161 1346 1209 Dc
1362 1161 1439 1209 tituto.

1279 1328 1441 1434 bagmam

1291 1658 1370 1707 Tituli
1376 1674 1439 1706 usus.

137 1728 246 1790 Auctis
282 1728 461 1793 adrandum.
494 1732 607 1813 Quare
644 1730 682 1792 iis
713 1735 845 1800 tantum
876 1729 1060 1800 concedere
1083 1739 1227 1809 possunt
1294 1757 1295 1761 ¹

138 1831 314 1874 accessum
331 1812 372 1874 ad
390 1813 535 1896 majores
558 1811 706 1875 Ordines
717 1811 773 1891 qui
781 1815 927 1893 perpetua
943 1808 1114 1874 emiserint
1133 1821 1223 1887 vota,
1297 1871 1299 1875 .

137 1895 191 1954 vel
207 1894 326 1957 saltem
336 1898 386 1975 pei
404 1894 569 1957 triennium
582 1893 828 1976 permanserint
843 1894 877 1957 in
894 1893 983 1956 votis
999 1895 1226 1975 temporaneis
1286 1961 1289 1968 ,
1311 1963 1313 1968 ,

137 1975 165 2038 si
182 1976 343 2040 Instituta
359 1979 449 2040 ultra
465 1978 646 2041 triennium
659 1984 857 2060 perpetuam
876 1975 1030 2039 differant
1046 1976 1227 2058 prolessio-

139 2078 216 2122 nem
232 2059 256 2124 ².

173 2164 285 2239 Aperta
309 2165 408 2239 itaque
431 2173 475 2222 est
496 2163 528 2223 S.
551 2163 636 2222 Sedis
658 2182 754 2236 mens,
778 2175 821 2234 ut,
834 2175 981 2238 quantum
1003 2162 1133 2222 Instituti
1152 2165 1227 2222 ratio

137 2250 225 2319 sinat,
249 2248 349 2307 nullus
371 2247 601 2314 ordineturnisi
623 2243 722 2311 stabili
743 2265 822 2306 nexu
847 2246 1129 2322 devinctus-Quare
1148 2247 1172 2303 si
1196 2247 1227 2303 in

137 2336 302 2409 Superioris
312 2337 350 2393 sit
363 2346 508 2410 potestate
521 2335 668 2392 maturius
680 2344 733 2392 aut
746 2335 839 2393 serius
853 2347 995 2408 perpetua
1014 2344 1084 2392 vota
1106 2333 1228 2406 permit·

136 2430 206 2489 tere,
222 2422 360 2494 quamvis
372 2421 487 2494 ‘scripto
508 2421 581 2494 legis
602 2420 659 2494 ipsi
677 2420 758 2500 oppio
781 2439 842 2478 non
865 2421 1016 2494 eripiatur,
1035 2421 1073 2478 ad
1093 2429 1227 2477 mentem
1312 2445 1314 2450 ¹

135 2505 166 2564 S.
182 2505 267 2564 Sedis
281 2505 368 2564 saciet
385 2507 409 2564 si
429 2524 480 2566 eos
499 2515 617 2563 tantum
631 2506 724 2564 sacris
737 2507 840 2580 augeri
860 2515 943 2563 curet
961 2522 1037 2578 quos
1069 2515 1239 2578 perpetuae·
1302 2504 1308 2530 '¹

136 2597 273 2646 votorum
288 2590 462 2664 obligationi
477 2589 684 2662 suscipiendae
697 2589 874 2660 existimarit
888 2589 1023 2647 idoneos.

168 2671 258 2729 Porro
276 2672 313 2729 de
334 2673 453 2731 triennii
479 2674 563 2730 istius
587 2673 805 2744 aestimatione,
830 2673 1049 2744 haecdicenda
1071 2672 1225 2731 videntur:

135 2755 170 2830 a)
186 2755 275 2826 Anni,
290 2756 445 2814 deficiente
455 2759 528 2830 legis
541 2755 724 2828 delinitione,
736 2758 815 2815 sumi
828 2768 952 2831 possunt
965 2759 1066 2815 civiles
1077 2758 1122 2814 vel
1133 2758 1226 2828 eccle-

135 2839 256 2909 siastici,
270 2856 299 2895 v.
316 2856 359 2911 gr.
373 2857 391 2895 a
406 2840 552 2897 Paschate
567 2841 604 2896 ad
627 2839 742 2897 Pascha
748 2858 757 2911 ;
781 2843 814 2916 n)
834 2842 912 2900 Cum
928 2860 989 2899 non
1009 2851 1114 2916 agatur
1126 2841 1175 2899 hic
1191 2841 1227 2898 de

135 2933 219 2974 actus
234 2920 332 2976 valore
350 2923 402 2977 sed
424 2924 589 2990 honestate,
611 2938 629 2977 a
652 2923 866 2981 mathematico
886 2925 982 2997 rigore
1002 2923 1098 2995 recedi
1120 2914 1225 2997 potest,

136 3001 242 3058 saltem
257 3003 297 3057 ita
311 3012 343 3058 ut
357 3004 381 3059 si
396 3005 482 3074 pauci
496 3005 593 3063 desint
605 3007 668 3062 dies
681 3004 761 3079 (duo,
774 3017 841 3076 treS,
852 2997 1097 3082 summum'o'cto)
1112 3017 1226 3079 urgeat·

136 3100 195 3156 que
204 3084 360 3155 ordinati0,
369 3086 414 3140 vel
425 3086 475 3141 diu
486 3089 578 3144 altera
588 3088 653 3161 ejus
663 3089 779 3158 occasio
789 3089 988 3160 exspectanda
998 3087 1082 3156 soret,
1094 3091 1224 3161 spatium

137 3185 189 3240 pro
209 3166 336 3242 perlecto
352 3168 453 3226 haberi
471 3184 570 3243 queat.
593 3169 653 3228 Clr.
675 3172 752 3228 dicta
767 3189 785 3228 a
806 3171 976 3245 Pirlring,'l.
991 3187 1018 3244 3,
1035 3183 1056 3228 t.
1071 3189 1115 3245 31,
1132 3191 1163 3230 n.
1179 3190 1225 3246 37.

178 3282 210 3346 5.
232 3265 366 3328 Debent
390 3276 568 3349 praeterea
591 3267 775 3330 Ordinandi
803 3266 1045 3330 testimoniales
1067 3267 1225 3333 exhibere

138 3430 265 3494 laribus

178 3519 207 3577 6.
226 3512 410 3578 Ordinandi
426 3515 482 3596 qui
494 3515 664 3598 pertinent
683 3515 725 3578 ad
747 3513 943 3580 Institutum
970 3535 1030 3577 naa
1055 3518 1225 3595 exemptam
1293 3503 1296 3513 ’

137 3597 253 3659 iisdem
272 3597 391 3678 quibus
407 3599 577 3660 seculares
591 3596 787 3680 subjiciendi
804 3603 883 3660 sunt
897 3599 1067 3661 scrutiniis.
1081 3591 1226 3660 Nomina

137 3678 239 3758 igitur
255 3699 373 3744 eorum
384 3687 484 3744 erunt
496 3680 638 3763 publice,
656 3680 840 3743 secundum
864 3686 994 3744 statuta
1010 3681 1223 3759 dioecesrna,

136 3761 170 3823 in
183 3763 326 3825 ecclesia
341 3764 571 3846 proponenda.

179 3865 210 3924 7.
227 3846 265 3909 In
281 3844 493 3928 suscipiendo
509 3846 765 3923 subdiaconatu,
783 3846 912 3910 alumni
933 3851 1093 3909 votorum
1113 3849 1225 3922 tempo-

135 3927 264 4005 ratium,
283 3935 403 3990 contra
429 3949 469 3991 ac
496 3929 608 3992 facere
627 3930 736 3992 solent
759 3928 781 3992 ii
803 3929 858 4010 qui
885 3927 1135 4012 inperpetuum
1162 3927 1225 3991 etsi

150 4131 172 4202 '¹
188 4129 280 4236 Etiaff
295 4147 368 4182 nunc
385 4148 454 4200 opus
473 4147 531 4181 esse
549 4133 681 4194 peculiari
700 4133 853 4196 privilegio,
873 4134 1014 4195 respondit
1033 4136 1118 4184 Sacra
1139 4135 1223 4196 Cong.

137 4191 610 4308 hpoeltlodegi,plzlppdsrsvniadeatur
633 4255 697 4298 ante
720 4249 869 4298 triennium
890 4249 1068 4308 ordinandus,
1090 4251 1117 4300 S.
1141 4250 1225 4300 Sedes

137 4304 271 4370 concedet
291 4311 321 4351 ut
342 4308 475 4370 maturius
496 4309 602 4356 emittat
622 4316 686 4356 vota
711 4315 843 4368 perpetua
863 4313 889 4356 et
911 4308 1047 4357 stabiliter
1067 4316 1226 4369 aggregetur

140 4366 278 4428 Instituto‚
291 4368 476 4468 potiuspupm
487 4366 557 4414 sinet
569 4365 659 4425 ipsum
674 4366 796 4415 nondum
804 4365 918 4416 firmiter
927 4367 1056 4415 Instituto
1068 4367 1225 4415 devinctum

139 4423 374 4479 ordinar1·tl)ecr.
414 4428 473 4469 aitis
485 4423 619 4481 adtractum,
633 4429 684 4472 art.
698 4428 729 4484 2).

138 3347 270 3411 litteras
282 3348 322 3412 de
334 3349 465 3431 peractis
476 3348 590 3412 studiis
605 3348 794 3433 theologicis,
806 3357 842 3411 ut
856 3350 1045 3413 dictumest
1062 3351 1101 3412 de
1114 3351 1229 3432 Reguz

1299 2680 1441 2740 Triennium
1507 2723 1510 2730 πη
1543 2689 1546 2695 ’

1281 2750 1440 2804 estnematire·
1501 2783 1511 2808 .:·

1281 2810 1366 2857 matice
1376 2823 1414 2855 sa·

1281 2864 1388 2913 mendum
1408 2879 1441 2914 aa

1281 2938 1338 2972 non.
1438 2940 1448 2952 ¹*
1473 2947 1475 2952 ·

1308 3280 1382 3328 Fides
1414 3279 1441 3328 de

1279 3339 1376 3388 studiis.

1302 3547 1438 3615 ³Deseriti-

1278 3618 1338 3653 nter.

1307 3869 1345 3918 De
1354 3876 1407 3918 vcro

1279 3930 1409 3984 castitatis,
