3148 5004
321 507 360 570 30
572 557 578 572 ,
699 530 767 568 nass
782 530 878 568 aaran.
896 529 987 568 carus
1001 531 1032 571 111
1054 520 1059 528 '

136 665 234 727 Duplici
252 723 257 732 ,
357 663 403 722 Ex
415 665 524 738 regulis
538 665 601 722 istis
620 665 740 738 priores,
761 673 888 724 numero
901 677 946 740 55,
960 664 1100 723 dicuntur
1111 672 1186 730 (κατὰ
1196 667 1411 752 emralfustas

107 729 268 844 ξξζῖζῇζξξζζζ
321 748 465 806 tractatae
489 759 509 818 ¹,
541 749 612 822 quia
637 749 813 822 explicatius
840 766 886 806 res
916 758 1097 824 proponunt,
1127 749 1196 808 licet
1221 768 1344 816 summa
1373 757 1411 814 sit

321 832 438 890 brevior
457 850 549 905 quam
565 833 738 902 alterarum,
753 835 813 910 'aar'
824 843 950 900 ἐπιτομήν,
964 825 1082 894 beatas
1099 835 1299 899 tractatarum
1311 847 1323 878 ι
1334 857 1411 914 quae

322 925 392 973 sunt
401 931 464 989 313.
476 916 515 973 Et
528 917 585 973 hae
597 917 719 991 quidem
732 916 823 977 dubia
836 916 956 976 solvunt
972 917 1069 988 magis
1079 917 1283 991 particularia3
1297 932 1410 980 utrum·

321 1016 381 1073 que
403 1011 505 1057 tamen
528 1017 623 1074 genus
641 1011 775 1058 versatur
792 1000 823 1058 in
844 999 1003 1058 virtutibus
1022 1001 1277 1072 commiseratus
1295 1003 1409 1080 officiis,

323 1085 428 1141 morali
458 1085 644 1142 institutione
672 1101 707 1140 ac
733 1084 906 1157 disciplinae
934 1082 1123 1160 perfectionis
1149 1088 1265 1146 ratione
1292 1090 1409 1164 intima,

323 1169 522 1242 potiusquam
536 1167 639 1225 definit
653 1169 699 1224 vel
714 1168 853 1228 describit
868 1169 1010 1228 diurnum
1024 1169 1143 1228 vivendi
1156 1171 1303 1230 ordinem.
1326 1223 1329 1226 .

138 1287 238 1355 negata·
264 1343 269 1353 ,
364 1280 427 1344 44.
445 1277 671 1341 Occidentalis
687 1276 910 1342 monachismi
926 1276 1129 1340 Patriarcha
1149 1277 1212 1340 fuit
1240 1278 1275 1342 S.
1302 1280 1411 1342 Bene·

110 1345 268 1394 mmm
323 1361 445 1436 dictus,
470 1360 626 1436 Nursiae,
655 1360 687 1424 in
714 1359 866 1427 Umbria,
895 1379 985 1422 anno
1011 1366 1084 1438 480,
1113 1368 1224 1438 natus,
1249 1362 1316 1441 qui,
1342 1382 1410 1426 non

323 1445 395 1508 sine
411 1443 524 1506 divino
541 1442 681 1507 consilio
694 1451 728 1504 et
743 1442 906 1510 instinctu
923 1441 1070 1524 Spiritus
1085 1441 1208 1516 sancti,
1224 1442 1407 1507 humanam

324 1526 422 1590 simui
441 1525 642 1588 industriam
662 1524 797 1588 minime
813 1534 1015 1606 aspernatus
1039 1545 1101 1588 nec
1118 1525 1282 1588 modicum
1295 1528 1407 1588 lumen

324 1617 500 1672 mutuatus
529 1616 569 1670 ex
599 1607 724 1690 regulis
758 1607 794 1670 S.
821 1605 938 1684 Basilii
971 1615 1004 1670 et
1041 1607 1077 1671 S.
1102 1607 1282 1685 Augustini
1309 1619 1410 1671 etex

326 1690 479 1754 Cassiani
502 1689 595 1753 libris
610 1690 634 1768 ³,
658 1715 672 1744 α
690 1687 825 1773 scripsit
841 1689 1085 1754 monachorum
1101 1691 1267 1772 regulam,
1285 1691 1410 1754 discre-

325 1773 416 1836 tione
432 1773 659 1854 praecipuam,
676 1791 832 1837 sermone
847 1773 1077 1836 luculentam⁴
1094 1800 1108 1829 »
1126 1792 1213 1853 quae
1229 1775 1271 1834 ab
1287 1782 1411 1836 octavo

325 1857 367 1917 ad
390 1855 534 1917 medium
564 1859 714 1918 seculum
743 1855 1001 1918 x11c0mmunis
1028 1856 1273 1918 monachorum
1303 1858 1412 1920 evasit

325 1933 445 2001 norma
477 1937 621 2017 vivendi,
650 1937 697 2003 ita
727 1948 765 2001 ut
797 1957 877 2022 prae
906 1936 979 1999 aliis
1011 1958 1079 2001 uno
1108 1937 1247 2020 Regataa
1277 1939 1410 2003 nomine

325 2022 572 2102 designaretur.

135 2105 282 2184 Notapross
367 2105 473 2178 Haec,
490 2102 638 2166 omnium
659 2101 779 2186 prima,
804 2102 965 2182 continet,
985 2111 1119 2184 praeter
1136 2102 1299 2186 principia
1315 2103 1412 2188 spiri·

108 2184 185 2242 Μαι-
326 2187 427 2250 tuaiis
444 2184 724 2262 conversationis,
748 2185 886 2248 diurnas
909 2185 1168 2248 exercitationes
1192 2206 1279 2266 quae
1295 2206 1410 2250 mona·

326 2270 431 2331 sticae
443 2268 533 2333 vitae
547 2268 697 2333 referunt
709 2268 899 2347 imaginem,
909 2278 1023 2347 atque,
1038 2276 1075 2330 ut
1087 2270 1306 2351 praecipuum
1320 2271 1409 2349 quid,

326 2354 400 2414 vult
421 2353 624 2414 monachum
639 2347 789 2412 stabiliter
804 2351 875 2413 voti
898 2370 985 2412 nexu
1002 2353 1210 2416 monasterio
1226 2351 1410 2416 addictum.

131 2459 273 2518 Praecipuae
368 2434 414 2498 Ut
436 2443 487 2495 est
510 2434 659 2495 humana
681 2431 845 2512 fragilitas
868 2451 975 2515 prona
999 2435 1032 2495 in
1054 2434 1200 2497 laxiores
1224 2455 1347 2512 mores,
1371 2455 1411 2497 ac

113 2514 225 2596 reforma·
327 2515 418 2577 vitae
431 2515 578 2596 regulari
594 2534 700 2594 aeque
715 2515 890 2578 adversari
905 2516 1014 2578 solent
1030 2516 1167 2578 divitiae
1180 2527 1213 2578 et
1225 2519 1411 2581 exteriores

112 2578 203 2622 ‘ww'
328 2599 448 2660 turbae
463 2609 545 2660 tunc
561 2597 722 2678 temporis
738 2597 1042 2678 frequentissimae,
1058 2600 1182 2679 pluries
1196 2619 1334 2662 necesse
1349 2600 1412 2663 fuit

328 2681 512 2742 monachos
542 2681 584 2741 ad
610 2680 786 2761 pristinam
819 2699 950 2743 morum
986 2699 1149 2744 revocare
1178 2683 1410 2746 severitatem.

328 2764 417 2825 Hinc
433 2762 466 2824 in
482 2763 607 2826 Ordine
630 2762 665 2825 S.
683 2761 856 2826 Benedicti
878 2765 993 2825 variae
1016 2763 1287 2827 Reformationes
1310 2783 1408 2844 quae,

328 2843 473 2927 plurium
489 2846 771 2910 monasteriorum
786 2845 896 2907 factae
909 2865 1114 2924 communes
1129 2844 1289 2908 Ordinem
1305 2846 1408 2908 istum

330 2929 362 2990 in
377 2928 490 2989 varias
507 2935 692 3009 coeperunt
704 2926 852 2992 dividere
865 2929 1160 3010 congregationes.

115 3010 275 3080 samaias·
370 3009 462 3089 Opus
487 3017 626 3072 sauctae
648 3010 869 3074 restitutionis
898 3030 1021 3092 magno
1050 3029 1233 3092 aggressus
1264 3016 1316 3074 est
1339 3010 1411 3074 zelo

115 3072 272 3126 A”‘¹²’¹‘''⁵'⁸’
329 3091 362 3158 S.
379 3093 584 3154 Benedictus
606 3093 808 3156 Anianensis
823 3093 855 3173 (i
868 3096 953 3172 821),
972 3096 1028 3174 qui
1046 3114 1088 3156 ex
1104 3093 1253 3156 collectis
1266 3093 1413 3173 undique

329 3176 572 3238 monachorum
595 3175 722 3252 usibus,
747 3175 910 3237 illustrem
938 3177 1127 3258 composuit
1150 3176 1412 3239 concordantiam

327 3256 518 3340 regularum.
541 3257 626 3340 ipsis
648 3266 760 3321 tamen
784 3257 952 3340 adjunctis
978 3254 1139 3340 prohibiti
1162 3266 1242 3321 sunt
1264 3259 1412 3322 diuturni

329 3340 461 3403 fructus
477 3341 573 3404 istius
591 3347 747 3404 conatus.
1348 3399 1349 3402 ,

132 3457 271 3505 alaniam-
370 3426 576 3506 Pervulgata
589 3433 640 3486 est
653 3421 847 3485 reformatio
860 3421 1107 3500 Cluniacensis,
1128 3442 1194 3502 qua
1207 3423 1293 3486 alter
1305 3423 1412 3486 abbas

112 3518 157 3573 sis,
329 3505 425 3568 istius
454 3504 663 3582 monasterii,
695 3506 731 3568 S.
757 3504 829 3567 Odo
852 3508 1027 3586 (om-942),
1046 3506 1194 3567 condidit
1224 3524 1412 3587 congrega·

328 3589 453 3652 tionem
476 3607 561 3670 quae
587 3587 743 3667 deinceps
770 3589 853 3648 adeo
875 3588 1002 3664 floruit,
1028 3597 1065 3648 ut
1087 3587 1224 3649 ineunte
1247 3607 1275 3650 s.
1300 3605 1348 3650 xrt
1371 3588 1413 3650 ad

328 3693 409 3734 2000
438 3670 641 3734 monasteria
671 3671 753 3731 satis
783 3680 856 3731 arte
888 3668 1101 3752 subjunxerit
1137 3671 1199 3750 sub
1237 3669 1414 3751 imperium

329 3754 469 3816 Abbatis
487 3752 682 3814 monasterii
699 3751 905 3834 principalis,

111 3858 273 3905 cisterciensis
370 3835 602 3898 Cisterciensis
618 3833 878 3912 reformationis,
900 3854 929 3898 s.
947 3851 993 3912 ιιι,
1012 3835 1230 3916 praecipuum
1247 3837 1357 3898 lumen
1373 3854 1413 3897 ac

110 3923 134 3982 tl,
153 3915 272 3975 Tmppm-
328 3918 430 3981 decus
446 3916 509 3980 fuit
532 3916 567 3978 S.
592 3917 800 3980 Bernardus.
816 3918 869 3979 Ex
884 3916 1161 3980 Cisterciensium
1188 3917 1294 3998 stirpe
1310 3918 1412 3980 exsti-

110 3987 155 4020 ’ω’
328 4008 399 4062 tere
415 4009 447 4066 et
464 4000 535 4062 nati
557 4009 636 4060 sunt
658 3999 723 4062 ΡΡ.
738 4000 964 4081 Trappenses,
979 4000 1047 4080 qui,
1065 4000 1202 4082 auspice
1219 4000 1281 4064 SS.
1298 4000 1414 4062 Leone

353 4260 359 4294 ¹
377 4258 480 4320 Mfgtle,
494 4257 525 4306 P.
536 4257 570 4305 G.
581 4260 600 4304 l.
614 4264 650 4312 31,
662 4269 687 4303 e.
700 4261 825 4314 890·1052.
839 4281 867 4289 -
877 4257 888 4291 '2
900 4253 1003 4319 Migne,
1014 4252 1084 4319 ibid.
1097 4267 1122 4302 c.
1137 4259 1273 4310 rom-1306.
1335 4308 1340 4318 .
1356 4307 1373 4317 ..
1389 4307 1393 4318 Ι

353 4319 437 4376 ³Ipse
448 4318 474 4365 S.
493 4314 660 4363 Benedictus
672 4322 803 4361 memorat
818 4327 902 4371 opera
918 4313 1044 4360 Cassiani
1062 4320 1089 4358 et
1103 4312 1226 4371 regulam
1238 4313 1265 4358 S.
1278 4309 1374 4357 Basilii
1387 4322 1416 4356 m

324 4385 462 4434 postremo
472 4373 572 4478 οαὲιῑε,
594 4379 632 4428 73,
645 4373 845 4428 suaelregulaffl
864 4385 944 4417 usum
961 4383 1024 4417 vero
1042 4370 1270 4416 documentorum
1282 4368 1309 4417 S.
1322 4371 1415 4428 Augu·

325 4432 388 4478 stmi
400 4431 498 4492 probat
532 4445 597 4481 esse.
608 4423 818 4475 Le‘Monactrism‘e
828 4427 945 4483 refricata,
959 4443 985 4486 p.
1000 4434 1037 4475 51.

353 4493 363 4526 ⁴
376 4489 402 4538 S.
421 4490 493 4547 Greg
516 4488 554 4534 M.
567 4487 667 4543 Diatog.
681 4487 698 4532 l.
713 4504 734 4540 2,
748 4498 772 4532 c.
783 4493 820 4533 36.
843 4487 881 4534 M.
896 4485 927 4532 P.
939 4487 970 4532 L.
985 4492 1003 4532 t.
1017 4493 1055 4533 66.
1070 4499 1094 4534 r..
1108 4502 1160 4534 200.
