3134 5016
128 792 189 840 Usus
211 794 256 840 Re·

98 849 222 910 ligionnm.

127 1131 230 1190 Quinam

93 1190 186 1248 possint
196 1191 257 1238 bona

99 1250 166 1305 opera
195 1263 255 1296 com·

99 1307 222 1354 manicare.

12 1498 16 1502 ,
121 1446 256 1494 Communi-

100 1505 254 1552 cationisvis.

106 1585 154 1631 Per
163 1585 256 1634 modam

98 1641 218 1702 suffragii,

106 1917 156 1965 Per
165 1919 256 1967 modum

97 1978 246 2080 έζξριίναὶέο-

126 2519 255 2567 Etmaeriti.

313 382 373 445 330
681 409 749 444 pass
765 409 881 444 ocrava.
899 409 989 446 canuc
1005 411 1036 446 111

354 594 550 642 stasanor.
576 581 616 646 lle
638 581 788 647 societate
811 581 983 667 meritorum
1011 582 1042 648 el
1069 583 1210 649 bonorum
1236 601 1358 667 operum

356 760 443 824 528.
464 781 491 825 1.
510 761 602 842 Quos
618 762 669 824 sui
685 761 835 824 Instituti
852 761 1073 842 cognoverint
1090 763 1216 826 amicos
1233 766 1286 826 vel
1301 765 1403 828 bene·

312 841 459 916 factores
475 845 584 906 solent
609 843 809 928 Superiores
826 847 1011 926 regulares,
1029 846 1130 909 etiam
1153 841 1281 929 scripto
1298 848 1403 930 diplo-

312 931 413 1002 mate,
442 926 741 1018 adparticipanda
756 927 906 1008 ejusdem
933 927 1082 991 instituti
1105 929 1226 991 merita
1253 935 1287 992 et
1314 931 1403 993 bona

312 1025 417 1089 opera
433 1027 614 1071 asciscere.
1381 1046 1383 1050 ·

353 1124 383 1164 2.
401 1102 497 1184 Quae
519 1111 682 1184 potestas,
701 1125 768 1168 non
787 1111 922 1170 tantum
947 1107 1103 1169 Generali
1127 1107 1315 1188 Superiori,
1342 1108 1401 1170 sed

312 1185 414 1247 etiam
441 1186 645 1249 Provinciali
668 1194 701 1250 et
724 1189 822 1250 locali
845 1189 944 1267 inest,
970 1197 1124 1270 respectu
1151 1210 1291 1272 operum
1319 1209 1401 1252 suae

311 1267 513 1332 Provinciae
543 1270 596 1331 vel
622 1271 767 1348 Domus;
792 1271 976 1352 eademque
994 1281 1109 1334 manat
1132 1293 1173 1334 ex
1210 1272 1402 1335 dominniinn

311 1357 494 1434 potestate.
1378 1359 1381 1364 '

353 1469 383 1527 3.
401 1447 498 1528 Quod
515 1447 556 1509 ad
571 1447 640 1510 vim
656 1453 689 1510 et
706 1448 891 1511 efficaciam
908 1447 1005 1512 istius
1026 1448 1356 1512 communicationis:

352 1544 385 1624 a)
401 1543 513 1619 Nulla,
531 1543 603 1604 sine
619 1543 756 1624 speciali
783 1543 971 1624 privilegi0‚
997 1543 1158 1607 tribuitur
1180 1541 1400 1624 indulgentia,

311 1627 372 1688 sed·
386 1645 427 1686 ex
443 1645 508 1705 quo
525 1625 637 1686 socius
651 1627 713 1688 iias
736 1627 902 1688 bonorum
926 1645 1066 1706 operum
1078 1628 1149 1708 jam
1165 1628 1207 1688 ad
1224 1647 1281 1689 eos
1298 1624 1402 1688 ascri-

312 1707 402 1770 beris
425 1727 485 1789 pro
501 1707 622 1787 quibus
640 1729 707 1770 non
724 1729 832 1789 pauca
849 1707 1023 1771 Sacrificia
1040 1717 1073 1771 et
1093 1709 1261 1790 Suffragia
1277 1709 1403 1771 diserte

312 1789 497 1873 praescribi
513 1800 545 1852 et
562 1789 676 1853 offerri
692 1800 956 1854 consueverunt.

353 1887 385 1966 b)
409 1887 478 1950 Nec
507 1889 668 1948 omittunt
686 1887 833 1968 religiosi
856 1888 898 1949 ad
922 1887 1142 1968 Superiorem
1171 1895 1319 1951 mentem
1343 1906 1403 1948 seu

312 1968 533 2032 intentionem
559 1970 712 2052 privatas
745 1969 884 2032 fundere
915 1972 1104 2045 orationes;
1122 1971 1235 2050 imm0,
1258 1973 1334 2053 jure
1363 1988 1403 2032 ac

313 2053 435 2115 merito
451 2053 689 2116 existimantur
705 2053 845 2114 tacitam
862 2054 919 2114 sed
933 2054 1124 2132 generalem
1141 2054 1267 2116 habere
1283 2056 1402 2116 volun-

312 2141 417 2197 tatem'
439 2135 583 2216 juvandi
611 2155 674 2198 sua
700 2135 938 2217 impetratione
970 2143 1135 2216 quotquot
1156 2137 1317 2199 Instituto
1342 2157 1404 2203 suo

314 2219 382 2282 sint
398 2221 540 2303 accepti.

354 2313 470 2376 Simile
500 2314 699 2376 beneficium
733 2313 833 2376 etiam
864 2335 884 2376 a
915 2312 1049 2376 Sanctis
1080 2313 1216 2376 Ordinis
1249 2318 1402 2396 patronis

313 2397 502 2477 exspectari
519 2403 642 2478 potest.
1372 2417 1375 2424 ·

354 2492 383 2569 c)
406 2493 547 2554 Praeter
563 2493 651 2553 hanc
670 2490 847 2552 formalem
865 2490 1149 2572 impetrationem,
1167 2510 1232 2551 non
1245 2510 1341 2550 secus
1358 2478 1415 2550 ac¹

311 2574 505 2655 praesentia
531 2572 667 2635 Ordinis
693 2573 813 2634 merita
843 2573 1007 2654 incipiunt
1034 2575 1064 2635 ei
1094 2573 1249 2655 prodesse
1279 2571 1334 2650 qui
1365 2573 1398 2632 in

213 2657 214 2662 ’
313 2655 473 2717 Ordinem
504 2663 682 2736 cooptatur
707 2662 739 2716 et
767 2658 881 2716 valere
913 2657 1002 2736 apud
1038 2656 1148 2717 Deum
1177 2660 1214 2715 ut
1250 2653 1399 2714 rationes

270 2767 273 2772 ·
312 2737 475 2816 largiendi
487 2737 587 2814 bona,
599 2738 657 2815 ita,
669 2738 711 2799 ob
725 2737 929 2818 peculiarem
943 2736 1310 2818 illamconjunctionem
1323 2756 1400 2797 cum

313 2819 449 2897 Ordine,
475 2821 627 2901 personis
644 2822 820 2902 multiplex
832 2820 1003 2882 'tribuitur
1019 2821 1180 2882 auxilium
1202 2818 1351 2882 divinum
1368 2827 1402 2879 et

311 2902 552 2964 misericordia.
578 2904 652 2986 Quo
678 2904 766 2965 enim
791 2903 921 2983 gratior
944 2905 990 2964 sis
1012 2904 1086 2964 Deo
1110 2923 1150 2964 eo
1167 2901 1273 2982 magis
1289 2903 1321 2963 in
1337 2903 1403 2994 lar-

312 2983 433 3065 gienda
448 2985 507 3048 tibi
521 2997 554 3047 et
567 2987 757 3068 conjunctis
773 2987 861 3048 dona
874 2986 1013 3048 inclinat
1029 2985 1142 3046 divina
1158 2985 1402 3046 Munificentra.

355 3078 469 3159 Quare
498 3081 712 3161 participatio
750 3080 814 3141 ista
852 3079 970 3160 amplis
1005 3079 1118 3140 verbis
1157 3079 1349 3140 celebratur
1385 3099 1405 3139 a

314 3162 548 3243 scriptoribus,
562 3184 594 3223 v.
610 3184 662 3243 gr.
681 3184 701 3223 a
717 3162 927 3234 Tamburini,
945 3162 1001 3241 qui
1018 3162 1057 3222 de
1073 3162 1138 3223 hoc
1153 3161 1287 3223 disserit
1303 3181 1404 3242 argu-

313 3252 439 3322 ment0,
458 3253 481 3307 t.
498 3269 528 3323 2,
542 3246 573 3307 d.
588 3269 606 3324 9
624 3247 767 3325 quaesit.
785 3268 802 3324 3
820 3254 852 3306 et
865 3269 895 3326 4.
911 3244 981 3306 Clr.
997 3246 1098 3305 etiam
1112 3243 1146 3306 S.
1161 3242 1335 3316 Thom.„in
1349 3245 1370 3305 l.
1385 3267 1405 3324 4

312 3325 549 3396 Sententiarum,
570 3328 601 3390 d.
620 3347 669 3409 45,
690 3347 722 3408 q.
741 3351 770 3403 2,
790 3334 856 3389 art.
878 3351 906 3390 1.

700 3531 1020 3538 ——--——-—

587 3714 590 3720 =
716 3683 911 3764 CAPUT
939 3684 1000 3764 iu

310 3905 363 3968 DE
387 3902 612 3968 RELIGIOSIS
639 3901 898 3966 Mlsslolllssus
930 3902 973 3965 IN
998 3900 1197 3966 PARTIBUS
1222 3897 1407 3967 Acnrllo-

578 4013 759 4080 LIGORUM
787 4014 866 4078 VEL
895 4014 1140 4078 INFIDELIUM

311 4209 506 4275 Pellinarius,
525 4207 666 4272 Martiale,
687 4207 739 4259 etc.
757 4207 791 4271 tr.
805 4207 828 4273 8,
848 4220 870 4257 c.
889 4206 912 4265 4,
925 4219 947 4256 s.
965 4206 997 4269 3;
1013 4205 1167 4267 Venicelli
1185 4203 1224 4258 De
1235 4201 1408 4270 -Apostoiicis

345 4285 529 4348 Missionibns,
539 4299 563 4352 q.
576 4285 608 4338 98
618 4296 624 4350 ;
636 4285 748 4350 Zitelli,
768 4285 934 4352 Apparatus
952 4283 1029 4350 juris
1042 4285 1228 4348 ecclesiastici,
1242 4299 1265 4336 c.
1277 4285 1300 4344 4,
1314 4279 1366 4332 art.
1379 4278 1405 4335 23

344 4381 367 4418 c.
380 4367 403 4418 6.
417 4368 431 4418 7
444 4383 449 4424 ;
465 4367 568 4433 Melon
581 4366 621 4420 De
634 4364 794 4430 Ordinibus,
815 4364 877 4427 eto,
889 4377 915 4429 p.
935 4363 1052 4426 124-1‘28,
1065 4364 1183 4417 noo-213.
1262 4381 1265 4388 ·
