3138 5014
360 443 421 506 270
741 465 809 501 sans
825 451 919 500 ssx'rl.
937 464 1027 500 carus
1041 463 1062 500 11

174 611 305 680 Hujuspn-
354 605 446 748 ppaete
462 601 598 665 concedi
614 620 725 684 posse,
743 620 802 664 seu
814 600 902 682 quod
915 599 957 663 ad
969 600 1131 681 quasdam
1145 599 1299 664 definitas
1313 621 1445 667 causas

148 673 290 731 mmmm·
395 683 459 746 evi
475 684 551 747 talis
564 685 694 766 gratiae
709 685 898 748 adeundum
916 688 966 746 est
982 684 1089 765 ipsum
1107 682 1289 764 Indultum,
1304 684 1336 747 in
1353 687 1447 768 cujus

364 766 592 832 declaratione
609 769 729 830 stricto
756 767 918 830 utendum
934 773 985 828 est
1000 766 1289 848 interpretationis
1311 788 1445 850 genere,

363 850 410 913 ita
427 855 475 929 ut,
493 850 557 914 nisi
573 849 873 914 universalioribus
889 849 1002 912 verbis
1024 848 1068 912 sit
1090 868 1264 929 concessa,
1281 853 1447 932 generalis

363 933 531 1016 exemptio
560 945 580 997 a
616 932 823 997 'neisdietione
844 951 910 994 non
937 931 1060 995 inierat
1081 932 1326 996 immunitatem
1341 957 1361 998 a
1376 934 1447 997 oisi-

364 1017 478 1078 tatione
495 1023 517 1081 ¹.
535 955 644 1080 Hodie
660 1024 786 1095 tamen,
810 1023 886 1099 post
902 1016 1004 1077 latam
1027 1014 1066 1078 C.
1094 1015 1246 1079 Conditor
1266 1038 1287 1079 a
1311 1015 1446 1099 Christo,

365 1097 655 1180 Congregationes
678 1098 854 1180 religiosae
881 1098 934 1160 vel
957 1104 1056 1161 erunt
1083 1099 1178 1180 plene
1205 1107 1380 1183 exemptae
1392 1102 1448 1170 ‚vel

363 1182 614 1265 participabunt
639 1181 869 1265 imperfectam
893 1179 1137 1264 exemptionem
1166 1200 1251 1262 quae
1273 1183 1329 1264 jus
1358 1202 1448 1246 com·

364 1284 464 1328 mune
487 1265 596 1329 evasit
612 1264 923 1346 Congregationum
948 1263 1111 1346 pontificii
1133 1263 1231 1346 juris,
1259 1265 1306 1326 ita
1332 1272 1370 1328 ut
1392 1266 1449 1329 vix

176 1375 214 1422 De
243 1372 308 1444 pp„
363 1348 430 1410 alia
446 1347 479 1411 in
494 1348 560 1412 hac
577 1367 612 1410 re
629 1348 790 1410 utendum
807 1354 963 1429 putemus
979 1345 1204 1410 distinctione.

112 1472 113 1475 ,
148 1436 258 1501 extantes
405 1432 524 1508 Porro,
542 1430 575 1492 iii
603 1431 806 1512 praesentia,
824 1430 864 1492 de
880 1429 919 1492 iis
936 1429 1067 1510 agimus
1090 1428 1255 1492 Institutio
1276 1448 1361 1510 quae
1377 1431 1445 1512 ple-

147 1504 240 1596 ῗῖὦᾜῗ
251 1490 306 1540 ¹⁸⁸⁸
362 1533 440 1576 nam
455 1513 700 1606 exemptionem
715 1519 836 1575 nactae
851 1519 943 1575 sunt.
1000 1543 1002 1548 ·

177 1630 273 1678 Hm„
404 1618 434 1659 2.
462 1596 663 1688 Superiores
693 1595 835 1658 istarum
862 1594 1174 1676 Congregationum
1203 1595 1328 1678 pollent
1354 1595 1449 1658 etiarn

149 1690 267 1755 exempta,
355 1676 583 1760 jurisdictione.
615 1679 739 1761 Quare,
768 1677 856 1759 quod
882 1678 924 1740 ad
953 1697 1176 1762 personarum
1203 1677 1448 1761 exemptionem

144 1745 293 1806 Ww'mmf
363 1779 462 1841 quani
479 1761 620 1824 diximus
628 1760 797 1843 passivam,
814 1759 911 1823 simili
927 1768 1006 1823 sunt
1021 1763 1096 1824 loco
1112 1780 1179 1842 quo
1191 1761 1338 1824 Praelati
1350 1780 1447 1842 regu-

363 1845 464 1908 lares.
479 1845 572 1927 Quae
584 1864 667 1908 vero
679 1843 745 1906 alia
757 1844 932 1925 privilegia
944 1843 1169 1924 Regularibus
1182 1851 1262 1906 sunt
1274 1863 1444 1922 concessa,

364 1925 444 2010 ipsis
456 1947 523 1990 non
539 1933 681 2009 prosunt
693 1926 755 1988 nisi
768 1927 904 2009 speciali
920 1926 1078 1990 fruantur
1093 1927 1241 1991 Indulto.

176 2023 285 2074 Laeana.
405 2031 436 2090 3.
453 2011 550 2092 Quod
562 2008 604 2072 ad
615 2009 742 2072 localem
754 2009 1012 2092 exemptionem,
1026 2009 1070 2073 ab
1084 2009 1243 2093 Episcopi
1255 2009 1448 2073 visitatione

363 2092 472 2155 domus
500 2092 632 2175 quidem
657 2099 709 2155 est
738 2093 907 2172 immuniS,
941 2112 1006 2156 non
1037 2099 1152 2155 autem
1182 2091 1317 2157 ecelesia.
1350 2093 1449 2155 Hanc

363 2175 516 2258 delegata
543 2175 693 2240 aConc.
719 2173 814 2238 Trid.
842 2195 870 2237 s.
898 2195 928 2254 7,
956 2194 986 2238 c.
1013 2181 1043 2250 8,
1072 2183 1240 2256 potestate
1261 2175 1449 2258 Episcopus

363 2259 503 2322 visitare
525 2261 627 2322 valet.
645 2259 708 2336 Ita,
726 2278 768 2320 ex
783 2259 866 2321 decl.
885 2257 1039 2339 Gregorii
1054 2274 1124 2337 xvr,
1143 2258 1175 2321 in
1192 2279 1294 2321 causa
1309 2259 1449 2322 Pinaro-

362 2341 470 2420 liensi,
496 2340 535 2403 de
558 2341 686 2404 Oblatis
709 2342 749 2404 B.
777 2341 824 2404 M.
848 2341 890 2406 V.
918 2341 930 2371 ²
958 2340 1061 2424 Cujus
1078 2341 1126 2404 rei
1149 2341 1233 2405 haec
1256 2348 1308 2404 est
1334 2362 1448 2419 causa,

363 2425 452 2504 quod
468 2425 599 2486 sodales
616 2423 896 2505 Congregationis
920 2443 987 2487 non
1002 2430 1081 2486 sunt
1093 2424 1289 2505 Regulares,
1307 2423 1451 2487 Ordina-

365 2507 416 2568 rio
442 2512 556 2569 autem
578 2506 738 2570 tribuitur
757 2507 812 2588 jus
829 2506 987 2572 visitandi
1002 2508 1173 2571 seculares
1190 2505 1349 2569 ecclesias
1366 2524 1448 2586 quo-

148 2668 150 2672 Α
181 2615 244 2676 Quia
257 2615 284 2663 a.
367 2587 550 2651 modolibet
566 2597 736 2672 exemptas
751 2589 775 2653 ³.

151 2676 287 2758 aesinata-
405 2695 436 2752 4.
454 2670 551 2753 Quod
567 2672 609 2734 ad
625 2671 833 2734 ordinationes
848 2693 998 2751 suorum,
1015 2671 1077 2734 efr.
1094 2669 1192 2750 infra,
1210 2675 1306 2754 parte
1322 2691 1353 2752 7,
1368 2691 1398 2735 c.
1416 2695 1448 2754 4.

149 2734 232 2789 'um’
266 2819 270 2827 ,
406 2773 436 2834 5.
453 2754 549 2836 Quod
565 2754 608 2816 ad
629 2753 838 2837 obligationes,
857 2753 1027 2820 communi
1041 2754 1187 2818 fidelium
1200 2755 1287 2838 jure,
1304 2755 1371 2833 vel,
1388 2774 1449 2839 pro

152 2815 310 2922 ,issfbff'shda'
364 2855 426 2899 sua
442 2836 646 2907 condicione,
666 2838 865 2902 clericorum
882 2840 905 2918 ⁴,
929 2837 1073 2922 propriis
1096 2837 1392 2902 constitutionibus
1415 2845 1450 2900 et

364 2919 392 2982 si
408 2939 494 3000 quae
509 2919 549 2982 de
572 2919 899 3003 Congregationibus
926 2923 1050 2986 diserte
1072 2927 1151 2984 sunt
1179 2927 1310 2985 statuta
1336 2919 1449 2984 omnia

365 3002 554 3066 delinienda
569 3011 659 3067 sunt.

156 3098 309 3169 Nomentana
407 3084 770 3170 SpeeialesRegniarinen
782 3087 1003 3169 obligationes
1017 3107 1084 3149 nori
1098 3087 1447 3170 participant.Quare,

150 3157 309 3264 {{„,²,‘,÷{‘.'¹‘¹‘⁸
364 3189 398 3233 v.
428 3189 480 3252 gr.
511 3175 646 3251 praeter
673 3171 846 3234 decretum
873 3172 913 3234 de
941 3170 1223 3234 testimonialibus
1250 3170 1382 3238 litteris,
1409 3168 1449 3230 de

252 3255 259 3274 ¹
365 3253 437 3316 aliis
464 3252 589 3316 deeeetis
612 3252 746 3337 legendis
763 3257 818 3335 per
847 3275 877 3316 se
903 3273 970 3318 non
993 3252 1116 3316 debent
1138 3272 1212 3315 esse
1238 3253 1370 3317 solliciti
1385 3271 1393 3330 ;
1410 3287 1451 3296 —

169 3357 309 3407 nenena·
365 3336 453 3418 quod
482 3336 524 3399 ad
553 3336 721 3399 Missaeam
752 3356 855 3416 onena,
887 3335 1056 3401 communi
1082 3337 1281 3399 clericorum
1312 3341 1451 3398 utentur

150 3428 207 3520 223¹
231 3419 309 3468 onero
361 3420 437 3502 jure
453 3419 464 3456 ⁵
480 3441 486 3498 ;
503 3439 619 3501 -per
639 3439 756 3482 senon
774 3420 897 3483 debent
913 3420 1075 3483 interesse
1085 3417 1336 3499 processionibus.
1354 3418 1449 3481 Haec

169 3585 309 3689 Deprens-
365 3584 511 3647 officium
536 3585 590 3647 vel
616 3584 827 3650 beneficium.
858 3585 929 3649 Cfr.
959 3585 994 3649 S.
1019 3585 1134 3665 Cong:
1155 3584 1188 3646 in
1214 3582 1448 3662 Pinaroliensi,

149 3654 212 3690 Μ’
230 3641 275 3688 ⁸⁴⁵?
365 3667 407 3730 ad
426 3687 453 3746 1,
470 3667 561 3750 apud
576 3667 740 3747 Bizzarri,
755 3668 958 3746 Coiteetanea‚
977 3688 1010 3751 p.
1027 3686 1099 3749 475.
1116 3673 1189 3748 478.

367 3929 371 3938 ι
393 3871 547 3928 1Barbosa.
559 3875 597 3922 De
607 3873 663 3935 offic.
677 3878 814 3934 apotastare
824 3875 942 3935 Episcopi.
961 3875 1040 3936 alleg.
1054 3890 1090 3933 74,
1105 3889 1131 3922 n.
1144 3882 1157 3922 o
1168 3889 1200 3922 ex
1213 3873 1302 3931 Rota:
1317 3871 1449 3934 Famam,

365 3944 391 3979 in
404 3945 428 3979 c.
441 3933 483 3997 .E¹
493 3940 580 3992 parte,
594 3941 630 3989 18,
639 3934 677 3981 De
680 3933 816 3994 privilegiis
827 3941 863 3991 (v,
876 3940 922 3992 33),
936 3946 962 3980 n.
976 3940 1012 3981 3ο.

392 3990 547 4046 2ssizzarri,
561 3991 716 4048 Collectanea,
729 4005 755 4051 p.
768 4006 820 4050 479.

365 3508 417 3566 est
432 3502 521 3564 enim
538 3502 698 3580 obligatio
712 3503 929 3584 Regularium
942 3509 976 3565 et
988 3501 1187 3565 clericorum
1201 3502 1256 3583 qui
1269 3505 1450 3564 exerceant
1551 3493 1552 3496 ’

392 4047 536 4109 ³Fagnani
549 4047 577 4096 in
588 4063 612 4097 c.
626 4049 725 4107 Grave,
740 4065 776 4106 ³9,
787 4051 825 4096 De
835 4047 916 4108 Officio
928 4048 1060 4098 ordinarii
1068 4051 1096 4108 (i,
1110 4052 1156 4108 31),
1168 4063 1196 4098 n.
1209 4063 1247 4106 113
1259 4050 1290 4099 C.
1305 4047 1450 4105 Melcbers,
1550 4021 1551 4090 i

364 4106 401 4156 De
411 4107 526 4154 canonica
537 4109 681 4159 visitatione.
695 4121 722 4167 p.
737 4111 773 4163 15,
785 4121 812 4154 n.
827 4114 863 4155 15.

392 4165 468 4230 tEos
478 4178 528 4224 per
547 4178 580 4230 se·
594 4164 729 4226 intelligas
748 4163 863 4213 clericos
880 4165 926 4227 qui
945 4166 1022 4214 nullo
1041 4164 1176 4215 beneficio
1196 4165 1238 4213 vel
1258 4164 1347 4215 officio
1364 4163 1452 4214 artius

364 4220 520 4278 obligentur
531 4224 677 4283 Episcopo.

393 4282 486 4329 ⁵Tuta
502 4294 564 4342 ergo
580 4279 748 4346 conscientia
767 4280 857 4340 potuit
875 4283 909 4329 R.
930 4282 1058 4350 Superior
1071 4281 1302 4331 Passionistarum
1313 4278 1452 4331 abstinere

365 4338 523 4404 quaerenda
531 4343 673 4404 sanatione
684 4338 720 4386 ad
730 4341 866 4388 cautelam
875 4339 911 4388 ob
919 4353 1058 4397 omissam,
1072 4341 1202 4389 ineorum
1211 4339 1333 4400 capitulo
1344 4339 1453 4399 provin·

364 4396 440 4454 ciali,
459 4396 678 4458 testificationem
694 4396 728 4444 de
746 4410 801 4457 qua
819 4412 846 4446 n.
865 4404 962 4461 445,3.
981 4399 1051 4448 Eam
1067 4397 1246 4448 nihilominus
1262 4397 1420 4457 impetravit
1436 4413 1453 4448 a

366 4455 393 4504 S.
406 4456 491 4514 Cong.
505 4456 589 4503 Cone.
604 4462 630 4503 16
642 4454 701 4503 dec.
716 4462 781 4513 1893.
794 4455 926 4514 Mentore,
939 4469 997 4514 viii,
1011 4474 1033 4515 2,
1046 4471 1074 4517 p.
1088 4465 1124 4505 26.
