3134 5016
143 486 325 569 [559-561]
474 507 477 512 ·
523 505 560 542 os
575 503 889 540 conrnnrsnurrsrrnus
1171 485 1227 547 351

141 642 358 708 nominantur
372 663 394 705 a
408 641 476 704 Rmo
490 639 654 720 Magistro
677 639 834 704 Generali
857 637 991 701 Ordinis
1014 639 1230 704 Praedicato-

142 747 228 804 rum,
245 726 462 802 assentiente,
480 721 514 786 in
530 717 680 786 ecclesiis
706 721 927 799 secularibus,
956 721 1125 806 Episcopo
1152 726 1228 790 loci.

142 809 205 874 SS.
222 810 292 872 Leo
307 808 367 890 Pp.
384 821 458 885 xm,
475 804 515 870 C.
536 804 756 886 obtutuum,
774 827 792 867 2
809 811 876 866 oct.
897 810 987 884 1898.

183 915 212 956 2.
230 891 280 954 Ne
296 891 427 952 sodales
442 888 555 952 multis
572 886 787 968 indulgentiis
803 894 954 963 careant,
973 894 1025 950 est
1042 888 1229 954 confrater·

142 975 238 1038 nitati
261 972 434 1058 proprium
461 971 703 1052 designandum
731 971 890 1032 sacellum
917 970 970 1032 vel
992 973 1100 1034 altare
1118 983 1230 1054 :quae

142 1056 329 1138 designatio
357 1056 400 1118 ab
429 1073 470 1116 eo
499 1053 614 1136 peragi
641 1053 817 1138 consuevit
844 1072 941 1130 quem
967 1053 1009 1114 ad
1035 1055 1229 1136 erigendam

142 1139 351 1204 sodalitatem
377 1134 583 1218 delegaverit
600 1135 686 1196 ’ΚΜ
707 1133 841 1198 Ordinis
857 1135 1019 1216 Magister
1040 1136 1227 1204 Generalis.

183 1243 213 1300 3.
231 1222 296 1284 Per
319 1240 365 1289 se,
392 1219 471 1282 dato
494 1218 627 1280 nomine
650 1217 680 1281 ei
703 1219 755 1280 cui
779 1223 831 1280 est
853 1218 921 1298 jus,
939 1218 1112 1299 perficitur
1128 1241 1228 1304 coop-

142 1305 236 1382 tatio,
247 1312 281 1366 et
293 1311 473 1383 antequam
486 1301 707 1374 materialiter
719 1299 884 1362 referatur
898 1319 1020 1362 nornen
1034 1302 1067 1364 in
1080 1305 1226 1385 tabulas,

141 1387 368 1467 indulgentiae
380 1385 450 1467 jam
466 1384 662 1446 obtinentur
679 1384 702 1447 ¹.
838 1381 840 1386 ’

181 1495 213 1552 4.
230 1469 415 1533 Materialis
428 1466 610 1548 adscriptio
622 1466 665 1528 ad
677 1466 811 1527 tabulas
824 1486 844 1527 a
857 1465 1004 1545 quolibet
1017 1465 1089 1530 fieri
1102 1475 1224 1550 potest,

141 1552 322 1614 dummodo
348 1551 375 1612 is
403 1550 550 1611 sodalem
578 1547 749 1610 admiserit
775 1548 831 1628 qui
857 1548 1018 1609 facultate
1049 1553 1228 1631 cooptandi

142 1636 277 1717 polleat.
302 1634 419 1707 Imm0,
438 1632 465 1694 si
488 1650 630 1711 magnus
655 1646 853 1706 concursus,
878 1631 990 1711 plures
1006 1631 1227 1698 inscribendis

1311 890 1416 950 Altaria.
1431 963 1432 966 Ἴ

1311 1235 1435 1283 Sodalium

1282 1297 1407 1354 cooptatio.

141 1714 331 1779 nominibus
347 1713 505 1797 deputari·
515 1720 668 1794 possunt,
691 1721 772 1774 tunc
789 1720 903 1775 autem
919 1711 1072 1793 singulae
1087 1717 1251 1780 tabell-ar-
1344 1755 1346 1759 -

141 1819 215 1862 rum
233 1799 373 1881 paginae
395 1796 536 1858 suntab
560 1796 632 1878 ipso
648 1796 794 1858 Rectore
810 1794 1051 1876 obsignandae,
1068 1805 1106 1861 ut
1123 1808 1228 1862 mate·
1249 1819 1250 1822 ¹

141 1883 241 1944 riales
271 1881 443 1943 nominum
471 1877 652 1941 relationes
675 1877 722 1939 sic
746 1877 941 1939 authentice
964 1887 1057 1940 ratas
1088 1881 1225 1946 habeat.

142 1965 260 2026 Rescr.
280 1963 318 2026 C.
334 1960 501 2026 Praefecti
519 1961 555 2024 S.
573 1959 612 2026 C.
630 1962 761 2041 Indulg.
781 1961 873 2042 7jul.
894 1965 984 2040 1877.

146 2042 150 2052 '
183 2064 213 2126 5.
231 2046 347 2109 Solent
363 2045 493 2107 sodales
507 2042 647 2124 singulis
663 2042 881 2105 hebdomadis
898 2042 1066 2123 integrum
1083 2046 1227 2109 recitare

141 2129 319 2207 rosarium,
337 2134 455 2208 estque
477 2125 614 2188 unicum
630 2145 715 2187 onus
738 2125 829 2206 ipsis,
849 2124 935 2187 citra
951 2132 1064 2189 tamen
1080 2130 1224 2211 culpam,

141 2211 346 2294 impositum.
361 2209 399 2272 C.
420 2207 636 2290 Ubiprimum.
654 2207 841 2291 Quominus
857 2210 981 2271 multas
997 2207 1094 2272 istius
1110 2231 1227 2293 preca·

141 2293 240 2356 tionis
263 2291 514 2355 hebdomadalis
530 2291 541 2320 ²
558 2290 783 2370 indulgentias
809 2291 996 2367 lucrentur,
1024 2311 1091 2354 non
1113 2294 1227 2356 obstat

141 2376 229 2454 quod
265 2376 417 2454 singulas
447 2373 590 2436 decades
627 2373 804 2435 recitarint
831 2379 1018 2454 separatas,
1047 2374 1226 2439 dummodo

141 2458 230 2520 intra
246 2458 492 2521 hebdomadam
509 2455 694 2540 perfectum
717 2455 760 2518 sit
784 2456 961 2519 rosarium.
986 2455 1089 2522 Decr.
1106 2458 1156 2521 Pii
1179 2476 1224 2538 1x,

140 2563 179 2606 22
198 2540 263 2602 'an
284 2547 320 2604 18
344 2547 374 2604 8.
480 2550 482 2554 ’

181 2561 212 2686 d.
239 2560 402 2708 Quamvis
430 2622 624 2686 retinendus
651 2622 697 2684 sit
721 2621 753 2683 in
780 2621 959 2684 sodalitate
989 2643 1070 2686 usus
1093 2624 1227 2688 Rosarii

140 2705 204 2768 rite
226 2705 403 2783 benedicti,
427 2707 607 2787 pleraeque
623 2703 634 2740 ³
652 2712 766 2766 tamen
788 2704 1016 2785 indulgentiae
1032 2713 1112 2768 sunt
1128 2707 1226 2770 soda-

140 2788 220 2851 lium
236 2791 442 2869 personales,
460 2807 545 2867 quae
569 2785 834 2850 benedictionem
857 2787 957 2852 istam
982 2809 1050 2851 non
1076 2790 1225 2872 exigant.

182 2891 212 2949 7.
229 2871 393 2949 Denique,
410 2871 489 2930 dum
506 2870 675 2930 rosarium
703 2870 859 2944 recitant,
888 2870 927 2932 iis
954 2878 1086 2933 tantum
1112 2872 1225 2935 fideles

140 2951 311 3013 abstinere
335 2950 455 3012 debent
470 2950 613 3030 negotiis
636 2970 722 3030 quae
737 2952 903 3013 internam
921 2953 1102 3034 impediant
1117 2961 1226 3016 atten⁴

141 3035 278 3097 tionem.
295 3033 331 3096 S.
351 3031 456 3112 Cong.
473 3032 662 3111 indulgent.
683 3054 718 3109 13
734 3052 813 3094 nov.
834 3040 923 3112 1893.

184 3118 271 3182 561.
288 3119 341 3191 De
358 3116 624 3192 Scapularibus.
647 3133 672 3176 r.
690 3113 787 3195 Origo
803 3120 831 3175 et
844 3117 988 3196 varietas

182 3203 215 3276 a)
241 3199 355 3262 Parva
376 3197 566 3279 scapularia
592 3195 712 3276 quibus
728 3197 842 3259 fideles
864 3198 955 3260 indui
976 3206 1226 3263 consueverunt

140 3281 230 3344 aliud
244 3280 277 3344 in
295 3279 389 3343 initio
405 3299 472 3341 non
497 3279 633 3340 fuerunt
656 3298 756 3359 quam
773 3280 908 3360 propria
930 3281 1103 3344 variorum
1129 3282 1226 3346 Ordi-

141 3385 220 3428 num
249 3362 451 3444 scapularia,
486 3381 546 3444 pro
567 3360 707 3443 'majore
742 3362 887 3424 fidelium
923 3364 1160 3426 commoditate
1183 3366 1226 3430 ad

141 3467 281 3530 parvam
302 3447 444 3508 formam
466 3445 617 3507 redacta.
643 3445 696 3506 Ita
725 3445 795 3506 fere
823 3444 856 3506 in
884 3445 1091 3528 expositione
1119 3466 1225 3512 rescr.

144 3535 179 3593 18
196 3549 274 3610 aug.
295 3532 383 3606 1868,
401 3528 493 3589 Decr.
509 3526 598 3590 auth.
615 3548 649 3589 n.
666 3549 739 3609 423.

182 3613 295 3696 Quare
327 3618 409 3673 tunc
439 3609 547 3688 magis
569 3610 758 3675 immediate
787 3610 887 3692 signa
913 3611 1011 3672 etant
1040 3611 1228 3694 cujuspiam

169 3859 175 3894 ¹
187 3859 214 3907 S.
226 3860 257 3907 C.
271 3859 379 3922 Indulg.
394 3866 477 3918 sang.
492 3865 556 3917 1899,
571 3857 607 3906 ad
618 3873 640 3914 7.

154 3928 272 3990 &Istius
290 3928 401 3993 inquam
420 3927 585 3987 precationis
602 3927 822 3993 hebdomadalis:
838 3932 868 3992 ut
883 3927 955 3976 enirn
971 3933 1076 3994 ceteras
1087 3927 1227 3994 indulgen7

140 3988 193 4087 pecs
213 3986 334 4089 lucrterrs,
358 3998 457 4034 coronae
473 3999 542 4046 quas
557 3995 697 4045 praeterea
722 3992 881 4033 recitaverrs
904 3987 1043 4034 moraliter
1066 3994 1226 4048 rnterrumpt

176 4055 267 4100 queun
283 4079 288 4089 .

167 4113 178 4148 ³
190 4112 245 4158 Eae
254 4117 361 4177 tantum
372 4121 435 4162 sunt
450 4112 626 4172 excipiendae
642 4127 710 4172 quas
724 4113 888 4162 Benedictus
899 4127 947 4161 xrrr
958 4112 1087 4162 omnibus
1098 4113 1227 4164 fidelibus

139 4179 286 4236 concessu:
306 4169 340 4235 td·
349 4181 398 4230 est,
418 4171 587 4231 indulgentia
604 4182 714 4236 centum
732 4171 839 4219 dierum
857 4171 1007 4238 unicuique
1024 4173 1099 4220 Pater
1116 4173 1158 4228 vel
1175 4175 1227 4222 Ave

139 4233 287 4332 ,εοᾶηιιιιιοῑῖιΙ
295 4241 317 4274 si
334 4235 467 4290 mtegram*
479 4229 639 4288 persolvens
655 4242 798 4286 coronam
815 4236 851 4286 et,
869 4230 951 4277 semel
962 4244 991 4278 m
1008 4243 1089 4287 anno,
1102 4229 1226 4294 plenaria

139 4299 167 4334 tn
189 4299 205 4332 u
235 4297 317 4334 enta.

168 4299 256 4408 Immo
273 4357 352 4402 quas,
373 4361 399 4393 η
420 4342 484 4392 maii
511 4348 575 4397 1851,
594 4345 712 4391 communi
728 4343 824 4391 rosarii
845 4344 999 4393 recitationi
1017 4343 1116 4393 tribuit
1135 4343 1224 4398 indul·

138 4408 243 4507 {ems
255 4401 285 4466 Pi
290 4416 320 4449 us
331 4415 358 4449 rx
365 4401 459 4449 fideles
469 4402 609 4449 lucrantur
617 4401 700 4450 etiam
710 4401 732 4450 si
742 4401 808 4462 ipsis
816 4402 886 4450 desit
895 4402 1070 4452 benedictum
1078 4403 1222 4458 rosarium.

164 4462 195 4507 lr.
208 4460 346 4520 Bennger,
359 4473 403 4520 op.
416 4473 439 4507 c.
453 4473 478 4518 p.
492 4466 599 4518 370·37r.

1305 2044 1438 2094 Hebdoma-

1281 2102 1344 2150 dab's
1369 2117 1438 2150 rosa-

1282 2162 1317 2209 rii
1322 2162 1438 2209 recitatio.

1309 2631 1408 2680 Debaetru

1280 2689 1400 2735 rosarium

1279 2746 1400 2798 benedici?

1310 2830 1399 2890 Quibus

1279 2887 1384 2947 operibus
1401 2881 1438 2936 i'n·

1280 2951 1315 2992 ter
1338 2947 1438 2992 recitan-

1279 3003 1334 3054 dum
1363 3004 1438 3050 absti-

1280 3059 1397 3108 acardum?

1301 3141 1422 3210 ¹Scapula·

1280 3213 1342 3246 rtum
1350 3205 1419 3258 prror

1280 3258 1354 3304 ratio.
