3148 5004
113 1726 151 1772 De
159 1724 261 1773 discessu

101 1783 207 1830 ultroneo

104 2131 259 2194 Regularium

130 2721 263 2780 congrega-

105 2781 180 2846 tionis
209 2779 263 2828 reii-

103 2849 193 2895 geusae,

120 2919 264 2967 Sodaiilaiis

105 2977 260 3027 dioecesanae.

132 3133 170 3179 De
185 3132 261 3179 aboli-

103 3191 165 3236 tione
171 3195 211 3249 per
217 3196 260 3250 pu-

101 3247 185 3294 blicam
205 3262 260 3295 auc·

102 3308 229 3354 toritatem.

103 3457 259 3516 Monasierii,

105 3703 263 3752 Domusdioe·

104 3777 208 3821 resonae,

99 3957 260 4017 DomusJuris

91 4015 223 4078 pontificii.

327 460 365 521 'll
695 480 763 517 ruas
776 480 888 516 rursm.
905 480 995 516 curus
1009 481 1041 516 111

318 619 441 682 domos
471 618 783 700 congregationum,
801 616 863 679 nisi
886 617 973 698 quod
992 617 1179 700 Episcopus
1195 618 1268 700 ipsa
1293 639 1407 682 rerum
1456 629 1460 637 '

314 707 447 772 ,natura
464 700 652 782 impelletur
667 710 705 762 ut
720 702 762 764 ad
778 701 957 762 nonnullas
973 701 1092 764 saltem
1108 701 1258 765 animum
1286 703 1405 764 adver-

324 790 386 847 tat.
401 783 471 847 Cir.
484 784 638 846 Ferraris
651 802 684 845 v,
700 783 883 860 Conventus,
901 789 967 845 art.
988 805 1015 859 1,
1033 804 1067 846 n.
1084 789 1136 863 36,
1154 784 1298 847 afferens
1315 805 1404 868 resp.

324 867 402 930 Sac.
420 866 564 946 Congr.;
581 863 730 928 Analecta
750 865 846 948 Juris
862 863 1022 944 Pontificii
1036 885 1104 930 ser.
1122 885 1152 948 5.
1171 869 1235 930 col.
1263 872 1318 948 185
1335 887 1406 950 sq.;

324 949 496 1027 Craisson,
509 950 573 1012 Des
585 946 824 1012 Commemoratis
834 945 854 1008 ei
865 965 961 1010 voenx
975 947 1098 1028 simplas
1115 969 1149 1013 n.
1164 955 1280 1031 5o·56;
1295 955 1348 1031 58.

722 1289 916 1370 cnpur
948 1289 1006 1369 111
1082 1265 1085 1272 ’

459 1497 512 1561 ΒΕ
537 1495 832 1562 EXSTINCTIONE
856 1497 994 1564 DOMUS
1018 1495 1264 1564 RELIGIOSAE

363 1697 449 1761 118.
466 1718 493 1760 1.
507 1697 581 1760 Non
597 1715 674 1760 eum
685 1696 755 1779 jam
769 1690 1038 1780 contemplamur
1049 1717 1166 1762 casum
1180 1717 1247 1778 quo
1259 1697 1406 1779 religiosi

318 1797 410 1841 mere
425 1781 524 1840 aedes
548 1799 627 1841 suas
642 1779 674 1841 in
690 1781 833 1843 alteram
849 1781 998 1860 ejusdem
1023 1781 1086 1844 loci
1110 1790 1242 1863 partem
1262 1780 1374 1842 transl
1393 1815 1406 1829 -

319 1868 408 1939 rant,
425 1862 472 1923 ita
494 1869 532 1922 ut
558 1861 742 1924 formaliter
773 1872 1016 1944 permaneant:
1050 1865 1090 1926 de
1117 1883 1184 1944 quo
1215 1863 1276 1926 cir.
1307 1865 1405 1926 modo

318 1944 552 2022 dictan.115;
579 1944 637 2006 sed
664 1946 703 2007 de
730 1965 811 2007 vero
838 1947 951 2026 agitur
974 1946 1124 2008 discessu
1152 1945 1405 2008 communitatis

318 2047 339 2088 a
354 2026 492 2114 civitpte
508 2029 562 2088 vel
577 2047 663 2109 pago
676 2027 731 2089 ubi
745 2029 1032 2091 commorabatur.
1051 2028 1205 2109 Agedum
1221 2049 1229 2090 ε

360 2131 390 2173 2.
408 2109 570 2192 Quamvis
597 2109 629 2172 in
652 2110 729 2192 jure
752 2111 906 2172 camurani
927 2111 1173 2190 Regularium1
1195 2112 1285 2172 nulla
1311 2109 1407 2172 nobis

318 2199 477 2254 occurrat
490 2191 668 2273 peculiaris
682 2193 721 2254 de
737 2193 802 2255 hoc
819 2213 900 2254 casu
916 2193 1076 2274 provisio,
1090 2195 1300 2256 universales
1312 2212 1409 2255 sanc-

318 2276 426 2337 tiones
456 2274 496 2336 de
526 2275 623 2337 bonis
652 2274 889 2338 ecclesiasticis
926 2282 1045 2338 vetant
1076 2297 1117 2339 ne
1146 2276 1300 2340 Ecclesia
1330 2295 1409 2338 con-

283 2396 287 2402 ·
318 2364 451 2420 secrata
477 2357 553 2419 usui
578 2357 637 2419 fiat
660 2357 801 2438 profano
828 2359 881 2422 vel
904 2377 957 2420 res
984 2359 1170 2422 immobiles
1190 2368 1251 2422 aut
1270 2358 1408 2420 mobiles

318 2440 486 2518 pretiosae
502 2441 693 2502 alienentur
715 2441 906 2503 inconsulta
929 2441 965 2504 S.
990 2441 1086 2505 Sede.
1118 2442 1231 2524 Quare
1255 2441 1407 2502 adeunda

317 2521 386 2584 fcre
420 2521 483 2583 erit
520 2522 556 2585 S.
592 2522 831 2603 CongregatiO,
869 2543 967 2602 quae,
1006 2523 1234 2587 concedendo
1258 2522 1403 2596 veniam,

313 2623 440 2674 ‚carere
455 2605 540 2666 solet
562 2611 601 2666 ut
622 2605 775 2668 Ecclesia
791 2605 943 2689 publicae
960 2613 1095 2668 maneat
1110 2604 1244 2667 addicta
1260 2603 1405 2666 fidelium

319 2687 468 2749 utilitati.

360 2792 390 2848 3.
408 2768 549 2831 Perinde
561 2769 653 2830 dicas
669 2769 708 2831 de
724 2770 968 2853 Congregaieoree
977 2768 1062 2852 juris
1072 2765 1227 2848 pontificii
1243 2769 1323 2847 (91).

326 2917 328 2922 s
359 2876 390 2934 4.
407 2852 458 2914 De
474 2849 647 2913 Sodoliiaie
662 2851 836 2915 dioecesano
859 2855 966 2916 sancit
989 2851 1032 2915 Ὀ.
1049 2848 1200 2914 Coediiae
1222 2871 1242 2910 a
1265 2847 1403 2927 Christo,

319 2953 348 2996 c.
370 2957 396 3011 1,
421 2954 455 2996 n.
472 2950 505 3011 v,
523 2954 597 2996 eam
615 2953 681 2996 non
704 2955 801 3017 posse
819 2937 851 2998 in
874 2939 1015 2997 alteram
1038 2932 1184 3015 migrare
1210 2932 1401 3012 dioecesim,

319 3016 382 3078 nisi
398 3017 629 3078 consentiente
645 3026 788 3098 utroque
804 3019 984 3100 Episcopo

315 3159 318 3166 .
363 3100 448 3164 119.
483 3122 510 3163 1.
540 3100 579 3161 In
608 3111 776 3182 potestate
804 3111 856 3164 est
885 3099 1109 3164 Hierarchiae
1141 3098 1403 3172 ecclesiasticae,

318 3180 453 3244 minime
481 3201 564 3243 vero
590 3182 697 3244 civilis
726 3184 866 3265 imperii,
897 3185 1017 3245 tollere
1049 3182 1184 3245 domum
1213 3181 1402 3262 religiosam

319 3284 418 3343 quam
434 3264 558 3346 aperiri
574 3265 734 3346 permisit.
749 3266 936 3346 Legitimus
949 3286 1031 3328 usus
1047 3266 1143 3326 istius
1155 3265 1242 3345 juris
1259 3263 1406 3344 postulat

315 3347 454 3428 justam,
472 3347 520 3409 rei
536 3366 732 3427 congruam,
751 3369 901 3411 causam.
915 3349 1010 3410 Haec
1023 3366 1082 3429 per
1097 3366 1133 3407 se
1150 3352 1279 3426 patent.

360 3451 391 3492 2.
415 3429 464 3491 Ad
488 3430 672 3492 tollendum
697 3430 917 3492 moriosieee'um
942 3448 1057 3511 presse
1080 3430 1159 3505 tale,
1187 3429 1241 3488 vel
1268 3428 1403 3489 domum

319 3512 502 3590 quamlibet
538 3531 624 3590 quae
653 3515 859 3574 assentiente
889 3512 925 3574 S.
956 3511 1043 3573 Sede
1072 3519 1124 3571 est
1155 3516 1281 3586 erecta,
1316 3528 1404 3572 unus

319 3594 355 3657 S.
373 3594 527 3656 Pontifex
539 3602 591 3655 est
607 3603 812 3676 competens.
829 3596 960 3657 Rursus
972 3593 1004 3654 id
1016 3600 1068 3654 est
1084 3594 1117 3654 in
1134 3602 1321 3673 comperto.

359 3699 390 3755 3.
408 3676 604 3738 Sodalitatis
620 3674 813 3741 dioecesanae
838 3703 850 3732 «
869 3676 1058 3755 singulares
1080 3675 1198 3738 domos
1213 3674 1404 3757 Episcopis,

319 3759 351 3821 in
377 3778 439 3819 sua
466 3759 586 3839 cuique
615 3759 758 3823 dioecesi
783 3763 902 3822 tollere
928 3758 978 3821 fas
1008 3766 1072 3823 est.
1099 3785 1112 3814 »
1139 3758 1179 3821 C.
1203 3757 1353 3820 Conditor
1374 3775 1403 3818 -a

318 3840 452 3908 Christo,
469 3861 498 3902 c.
516 3862 541 3909 1,
558 3861 592 3903 n.
608 3857 657 3904 v1.

358 3948 390 4006 4.
407 3923 602 3986 Sodalitatis
623 3944 700 4004 quae
708 3923 794 4006 juris
808 3930 852 3986 esi
861 3923 1015 4004 portatori
1035 3923 1153 3984 tollere
1170 3921 1306 3984 domum
1321 3922 1405 4002 legi·

314 4005 397 4068 vtime
412 4017 572 4082 erectam,
590 4025 657 4068 non
676 4008 809 4069 videtur
824 4007 867 4069 ad
884 4006 1086 4088 Episcopum
1102 4005 1284 4086 pertinere.
1304 4003 1402 4086 Quod
1423 4069 1429 4074 ,

316 4089 431 4170 liquet,
455 4087 483 4150 si
500 4088 726 4170 Congregatio
743 4089 807 4151 ista
824 4086 997 4171 privilegio
1012 4087 1146 4148 fruatur
1161 4087 1395 4170 exemptionis·

317 4171 383 4235 Sed
408 4171 539 4234 etiamsi
568 4191 635 4232 non
661 4171 762 4234 luerit
789 4179 954 4254 exempta,
983 4169 1069 4232 idem
1096 4170 1216 4231 suadet
1249 4169 1406 4249 gravitas

344 4379 353 4412 1
369 4377 423 4423 Pro
444 4374 514 4423 riam
525 4375 580 4424 vim
589 4388 614 4423 c.
627 4376 685 4422 Cum
695 4387 724 4421 ee
733 4389 767 4431 eo,
779 4389 834 4434 quo
845 4373 928 4422 etiam
939 4372 1099 4434 prohibetur
1121 4370 1280 4431 hujusmodi
1300 4370 1402 4420 disces·

312 4447 370 4490 sus,
382 4433 416 4481 de
438 4433 508 4480 imus
517 4446 612 4502 supra,
624 4446 652 4480 n.
667 4441 735 4495 109,
752 4439 774 4480 3.
