3148 5004
164 459 345 541 [444492]
611 480 710 515 suuur
733 480 833 516 uranu
1146 457 1254 522 'XXiii

1166 591 1251 642 Pagina

350 665 470 729 CAPUT
494 665 552 728 ΙΙΙ.
577 667 618 731 tte
640 666 834 733 sacramento
858 667 1067 734 Paenitentiae

243 815 270 879 Ι.
288 814 326 875 ln
343 809 516 882 ordinibus
532 813 685 896 virorum
716 860 1167 878 .........
1192 821 1249 878 281

133 953 135 956 ·
185 942 310 1010 ¹cuinam
324 946 447 996 confiteri
461 946 566 1007 possint
576 944 735 1004 Regulares,
755 943 826 992 intra
843 944 984 1002 Ordinem,
1002 949 1077 993 extra
1088 943 1167 992 Ordi-

162 1028 235 1072 nem,
252 1014 281 1063 in
297 1015 402 1074 itinere,
418 1027 469 1078 469.
483 1046 511 1054 —
524 1018 565 1065 De
581 1013 759 1064 facultatibus
774 1015 933 1064 confessarii
950 1015 1093 1078 regularis,
1111 1032 1163 1074 47ο.

161 1112 191 1120 -
201 1087 246 1156 De
256 1086 367 1136 casibus
378 1088 564 1146 Clementinis,
576 1103 629 1145 471·

246 1207 289 1270 II.
306 1208 578 1290 Apud·M0nia1es
607 1254 1001 1272 ........
1025 1168 1027 1177 ›
1048 1254 1056 1272 .
1104 1255 1111 1270 .
1160 1255 1168 1270 .
1192 1213 1250 1289 285

193 1335 236 1382 De
246 1335 418 1386 confessariis
428 1344 491 1387 ante
502 1338 644 1388 decretum
656 1337 861 1399 Quemadmodum,
873 1354 925 1398 472·
934 1366 963 1374 -
971 1339 1014 1386 De
1022 1337 1050 1386 vi
1063 1337 1164 1387 decreti

136 1422 138 1430 ‚
165 1405 369 1465 Quemadmodum,
380 1417 433 1466 473.
445 1411 522 1458 -De
531 1409 642 1459 casibus
652 1409 807 1467 reservatis,
819 1426 870 1468 474.
883 1436 911 1445 -
922 1409 997 1471 Quid
1007 1406 1166 1460 simonialis

162 1474 198 1522 sit
208 1480 282 1526 extra
292 1478 423 1536 claustra,
435 1485 487 1538 475.

244 1589 303 1664 Ill.
319 1602 357 1663 lu
373 1601 542 1664 Institutis
558 1621 624 1664 non
640 1601 830 1684 exemptis.
877 1648 885 1667 .
932 1648 1163 1667 .....
1188 1607 1247 1682 287

193 1730 298 1791 Regula
311 1729 451 1792 generalis,
470 1739 522 1788 476.
539 1759 568 1766 -
579 1731 728 1791 Speciatim
743 1730 778 1780 de
794 1730 929 1781 Institutis
946 1731 1100 1790 mulierum,
1112 1748 1164 1791 477.

162 1829 192 1837 -
209 1801 295 1863 Belgii
314 1801 463 1862 disciplina
472 1800 635 1859 habitualis,
652 1810 704 1861 478.
723 1831 752 1838 -
763 1802 838 1865 Quid
856 1802 878 1851 si
897 1804 933 1852 ad
943 1802 1040 1852 horam
1058 1817 1166 1865 egressa

163 1885 240 1922 soror
249 1872 329 1922 adeat
339 1871 539 1922 confessarium
550 1873 579 1921 in
589 1871 702 1933 publica
713 1872 839 1931 ecclesia,
850 1889 902 1932 479.

396 1999 517 2064 Carus
539 2001 597 2064 IV.
622 2002 663 2066 tie
685 2001 878 2067 sacramento
900 2001 1020 2070 ordinis

246 2144 273 2208 Ι.
291 2145 328 2206 In
345 2141 575 2224 Religionibus
591 2164 706 2227 presse
722 2145 846 2208 talibus
883 2190 1166 2208 ......
1192 2165 1251 2223 290

194 2285 237 2332 De
248 2283 344 2334 litteris
359 2284 527 2335 demissoriis
543 2292 569 2334 et
587 2285 833 2343 testimonialibus;
852 2288 894 2335 De
911 2285 1118 2346 dispensatione
1129 2285 1165 2334 ab

167 2352 320 2402 interstitiis
335 2361 362 2404 et
372 2355 400 2404 in
415 2362 515 2414 aetate;
539 2358 581 2404 De
596 2357 720 2416 periculo
736 2357 764 2406 in
780 2357 904 2416 scientia,
916 2366 970 2417 480.
983 2385 1012 2392 —
1025 2358 1066 2404 De
1077 2357 1165 2416 prima
1200 2382 1219 2388 -·

165 2426 279 2474 tonsura
295 2430 320 2473 et
335 2424 486 2476 minoribus
502 2425 663 2484 Ordinibus,
680 2435 732 2485 481.
750 2455 778 2463 —
789 2429 831 2477 De
843 2426 994 2477 Ordinibus
1005 2424 1164 2486 majoribus,

166 2493 329 2544 nominatim
344 2496 378 2544 de
394 2497 573 2547 Ordinatione
593 2504 668 2546 extra
684 2503 814 2559 tempora,
832 2499 866 2547 de
882 2498 971 2556 titulo,
993 2497 1028 2546 de
1049 2497 1164 2546 scientia
1229 2497 1231 2500 ’

168 2561 329 2625 theologica,
341 2565 375 2614 de
384 2567 527 2616 sanctione
539 2567 614 2629 legis,
626 2575 678 2625 482.

246 2689 289 2753 ΙΙ.
305 2691 343 2752 In
361 2689 687 2772 Congregationibus
705 2693 869 2774 religiosis
881 2737 1164 2756 ......
1190 2713 1248 2770 293

129 2865 132 2872 .
192 2821 304 2870 Summa
318 2819 397 2879 jnris,
417 2821 492 2881 quod
510 2821 546 2870 ad
565 2822 661 2870 eadem
680 2821 783 2883 capita·
801 2831 854 2882 483.
927 2824 968 2870 De
990 2821 1098 2870 clericis
1118 2819 1165 2881 qui
1218 2803 1220 2808 ¹

162 2888 338 2954 dimittantur
347 2891 391 2937 vel
401 2895 498 2949 sponte
509 2890 662 2950 discedant,
674 2901 727 2950 484.

328 2993 447 3075 clrur
461 3013 505 3077 V.
522 3015 569 3102 tie
579 3014 715 3080 Extrema
730 3016 871 3080 tinctione
886 3014 917 3080 et
932 3014 1111 3097 sepultura.
1158 3061 1166 3077 .
1193 3018 1252 3092 296

194 3154 237 3202 De
246 3152 439 3215 Regularibus,
450 3161 502 3214 485.
515 3182 544 3189 -
553 3156 568 3209 J
572 3171 602 3203 us
613 3167 668 3216 quo
680 3161 794 3205 utuntur
805 3155 1047 3216 congregationes
1059 3163 1111 3212 486.

246 3273 365 3338 Capur
380 3275 438 3336 Vl.
465 3276 505 3341 De
528 3275 806 3358 dispensationibus
828 3276 941 3357 atepe,
959 3293 977 3340 a
992 3274 1082 3355 votis,
1108 3275 1168 3339 ete.
1193 3296 1252 3355 297

193 3415 267 3476 Quid
277 3417 382 3477 possint
393 3415 524 3475 Praelati,
537 3417 703 3478 Episcopus,
716 3427 768 3476 487.

245 3543 363 3608 Curur
378 3545 452 3608 VII.
479 3547 520 3611 be
546 3563 618 3611 cura
646 3546 799 3629 proiectus
825 3547 996 3629 spiritualis
1012 3546 1042 3612 et
1066 3546 1169 3612 intimo

565 3641 732 3707 atiniarumw
755 3643 846 3707 ductu
1272 3643 1276 3649 '

284 3783 443 3862 Atticulae
465 3785 492 3848 I.
520 3786 683 3848 Notiones
707 3787 883 3868 generales
911 3792 945 3849 et
972 3775 1166 3848 nominatim

575 3881 615 3943 de
639 3884 769 3945 ratione
794 3882 1058 3945 conscientiae.
1104 3927 1112 3945 .
1159 3903 1252 3963 .297

191 4024 233 4071 De
243 4035 361 4083 quanam
374 4038 441 4090 cura
451 4031 558 4088 agatur,
571 4035 622 4085 488.
635 4054 663 4062 -
676 4029 717 4075 De
727 4027 836 4076 ratione
846 4024 1045 4076 conscientiae..
1053 4033 1105 4084 489.

284 4144 497 4210 Articuiusll.
508 4148 537 4209 A
550 4147 749 4228 quibusnam
763 4148 847 4211 haec
861 4165 946 4209 cura
955 4152 1166 4209 exerceatur.
1192 4167 1251 4225 299

190 4287 223 4334 In
233 4284 363 4335 institutis
374 4287 547 4346 elericorum,
560 4306 611 4348 49ο.
622 4315 650 4324 -
661 4291 692 4337 In
702 4287 833 4337 institutis
845 4285 991 4335 laicalibus
999 4286 1121 4335 virorum
1137 4290 1164 4335 et

159 4356 314 4415 mulierum,
326 4375 376 4417 491.
389 4386 418 4395 —
434 4359 475 4407 De
486 4359 596 4407 decreto
616 4357 823 4419 Quemadmodum,
841 4357 916 4418 quod
932 4357 967 4406 ad
979 4355 1164 4406 conscientiae

159 4425 417 4486 manifestationem,
430 4433 456 4477 et
467 4426 664 4489 obligationem
675 4429 813 4479 deferendi
827 4427 997 4487 Superiores
1010 4445 1061 4487 49²·
