3138 5014
125 723 195 779 Leges
207 725 262 782 epis·

105 783 191 841 repelet
204 783 230 827 de

105 839 173 887 uredo
196 845 262 899 erpo·

105 899 265 944 sitierisetde

105 953 213 1002 inntens

104 1015 248 1073 instestinis.

131 1099 248 1147 oratoria

104 1160 158 1213 quoi
167 1155 217 1201 sint

102 1214 200 1272 genere?
241 1239 244 1244 2

102 2173 261 2234 Semt'pteilicu

131 2681 251 2738 Legitima

103 2742 185 2785 erectio
196 2740 262 2786 ecclc-

102 2797 153 2842 siae
164 2797 198 2842 vel
206 2812 261 2842 orn-

104 2855 261 2914 leriipnile'ri.

132 3426 244 3472 Orninrii

102 3483 252 3542 semrpuiliei.

322 433 381 494 3!ss
681 457 748 492 rins
765 458 883 492 ocrnvn.
902 459 992 493 cnrur
1007 459 1037 492 111

318 594 351 642 ut
375 586 455 644 cerni
482 606 542 644 non
568 587 676 661 possit;
696 584 819 667 publica
844 587 1033 660 verosorma,
1053 607 1134 660 cum,
1162 591 1258 647 hostia
1283 589 1410 659 detecta,

319 669 549 730 Sanctissimum
566 674 713 745 promitur
737 674 774 730 de
801 675 1004 744 tabernaculo,
1027 684 1117 747 atque
1137 675 1166 731 in
1187 675 1287 748 aliquo
1304 674 1412 732 throno

319 745 493 816 proponitur
506 745 705 803 adorandum.

359 841 422 904 His
437 849 550 905 autem
565 857 660 924 'quae
677 844 717 905 de
733 843 823 906 niodo
848 843 1017 925 exponendi
1037 843 1212 908 Venerabile
1226 843 1411 906 Sacramen-

319 930 384 986 tum
411 933 443 987 et
470 928 510 987 de
539 925 684 988 leudibus
713 927 890 1008 vespertinis
916 927 1057 1009 jusserit
1085 927 1287 1009 Episcopus,
1321 926 1411 988 valet

318 1009 507 1089 astringere
523 1009 682 1071 ecclesias
698 1010 930 1091 Regularium.

362 1093 449 1156 511.
472 1095 525 1153 De
552 1096 736 1156 Ecclesiae
762 1096 820 1155 vel
847 1094 1001 1155 oratorii
1030 1093 1189 1171 legitima
1213 1093 1409 1154 erectione.

324 1172 419 1235 Vario
434 1174 638 1237 oratoriorum
656 1194 769 1258 genero
795 1195 892 1255 quae,
922 1182 1056 1257 praeter
1087 1173 1248 1237 ecclesias
1276 1174 1411 1256 proprie

318 1257 415 1333 tales
443 1257 549 1319 sacris
572 1257 732 1320 faciendis
756 1257 909 1340 deputari
933 1266 1074 1340 possunt
1090 1258 1182 1339 prius
1206 1277 1411 1320 commemo-

318 1340 424 1400 randa
457 1341 624 1409 videntur,
663 1342 860 1422 pracsertim
894 1361 970 1413 cum
1003 1363 1039 1419 23
1066 1340 1138 1421 jan.
1174 1347 1263 1420 1899,
1301 1340 1410 1403 Sacra

319 1420 457 1484 Rituum
501 1424 726 1504 Congregatio
763 1424 1006 1500 authenticam,
1039 1424 1079 1485 de
1111 1424 1175 1485 hoc
1208 1433 1410 1503 argumento

318 1504 579 1566 declarationem
607 1506 747 1568 ediderit
764 1506 786 1569 ¹.
812 1505 971 1568 Oratoria
995 1505 1249 1586 distinguuntur
1270 1504 1408 1584 publica,

317 1586 513 1669 semipeedlice
535 1593 563 1648 et
579 1587 718 1668 privarer.
745 1588 889 1666 Publice,
917 1589 1162 1650 «Auctoritate
1179 1587 1349 1650 Ordinarii
1367 1590 1410 1649 ad

318 1670 488 1750 publicum
505 1672 632 1732 cultum
647 1679 809 1752 perpetuo
822 1672 987 1749 dedicata,
1006 1674 1059 1734 vel
1076 1671 1177 1733 etiam
1202 1669 1410 1733 sollemniter

319 1759 526 1820 consecrata,
550 1753 690 1835 januam
709 1754 834 1816 habent
855 1755 889 1815 in
906 1754 972 1831 via,
991 1755 1044 1816 vel
1067 1754 1221 1831 liberum,
1236 1774 1256 1815 a
1273 1753 1407 1834 publica

318 1834 384 1912 via,
416 1835 568 1897 fidelibus
599 1836 784 1898 universim
812 1838 964 1918 pandunt
995 1837 1197 1917 ingressum.
1229 1834 1361 1898 Priuerni
1390 1855 1409 1896 e

318 1923 438 1979 contra
454 1917 574 1980 stricto
600 1938 700 1980 sensu
723 1920 882 1982 dicuntur
908 1923 1071 1994 oratoria,
1096 1939 1182 1999 quac
1211 1919 1243 1980 in
1269 1916 1409 2000 privatis

318 1999 456 2062 aedibus
480 2000 512 2061 in
538 2003 748 2063 commodum
765 2003 906 2083 alicujus
932 2022 1094 2082 personae
1120 2005 1173 2064 vel
1201 2001 1345 2063 familiae
1370 2019 1410 2062 ex

318 2083 451 2145 Indulto
464 2083 500 2146 S.
518 2083 613 2146 Sedis
636 2092 750 2147 erecta
767 2094 846 2147 sunt
862 2087 885 2146 ².
904 2086 1077 2148 »Medium
1091 2085 1180 2147 inter
1192 2085 1276 2146 haec
1293 2090 1408 2147 tenent

318 2166 464 2228 Oratorirr
498 2166 707 2248 sementina.
736 2169 831 2230 Haec
867 2168 928 2231 SS.
958 2169 1028 2230 Leo
1054 2169 1114 2250 Pp.
1152 2185 1212 2230 xiii
1242 2167 1351 2228 stetere
1380 2170 1408 2226 ei

318 2246 487 2312 declaravit
504 2276 517 2304 «
539 2251 588 2312 Ea
601 2270 674 2312 esse
688 2271 773 2331 quae
789 2251 851 2312 etsi
868 2252 901 2312 in
919 2254 992 2314 loco
1010 2249 1258 2330 quodammodo
1275 2249 1407 2332 privato

317 2332 372 2393 vel
385 2352 451 2393 non
468 2333 622 2394 absolute
638 2335 771 2416 publico
784 2334 988 2397 auctoritate
1004 2333 1174 2397 Ordinarii
1187 2343 1300 2394 erecta
1318 2338 1407 2408 sunt,

318 2415 492 2476 commodo
520 2422 633 2477 tamen
655 2431 723 2477 non
740 2417 886 2478 fidelium
909 2416 1058 2479 omnium
1086 2437 1147 2478 nec
1165 2416 1317 2496 privatae
1335 2423 1410 2475 tan-

318 2502 389 2557 tum
405 2517 569 2577 personae
597 2506 655 2560 aut
682 2499 838 2577 familiae,
855 2500 913 2561 sed
929 2501 1071 2584 alicujus
1089 2497 1337 2561 communitatis
1355 2499 1408 2557 vel

318 2596 541 2658 personarum
559 2589 675 2641 coctus
693 2581 881 2644 inserviunt
897 2582 919 2645 ³.
938 2610 951 2638 »

359 2661 384 2722 Ι.
399 2661 447 2722 De
454 2660 600 2743 erigendo
612 2661 749 2724 Ecclesia
773 2663 819 2724 vel
842 2665 987 2726 Oratorio
1003 2664 1085 2745 opred
1097 2659 1277 2744 Regnteees.
1294 2683 1322 2724 1.
1338 2659 1405 2723 Ob-

318 2748 412 2804 tenta
441 2744 610 2806 erectione
634 2747 829 2810 monasterii
856 2767 915 2808 seu
940 2758 1137 2820 conventus,
1165 2743 1408 2826 permittuntur

317 2827 516 2906 RegulareS‚
546 2825 607 2889 nisi
630 2828 817 2910 Episcopus
847 2831 889 2890 ob
912 2831 1040 2912 justam
1068 2848 1205 2892 causam
1229 2829 1262 2888 in
1286 2846 1408 2888 conce-

318 2909 425 3000 denda
451 2911 621 2973 erectione
645 2912 676 2974 id
693 2912 874 2995 exceperit,
893 2913 1071 2976 aedificare
1098 2909 1290 2993 eonjrenctom
1318 2908 1408 2974 eccle·

316 3010 408 3054 seem.
595 3013 597 3022 ·

359 3075 404 3138 Ut
418 3094 499 3136 vero
526 3075 658 3156 erigant
674 3077 845 3140 oratorium
861 3077 1019 3158 preteream
1041 3099 1061 3140 a
1083 3098 1146 3140 sua
1170 3077 1269 3138 domo
1284 3079 1407 3156 separer-

317 3163 393 3236 tuen,
412 3159 545 3240 speciali
560 3158 639 3239 ipsis
651 3180 734 3241 opus
748 3177 799 3222 est
815 3161 914 3222 venia
928 3161 1115 3238 Ordinarii;
1133 3179 1243 3240 neque
1256 3162 1407 3220 oratoria

317 3240 382 3302 ista
412 3262 431 3303 a
462 3243 654 3304 visitatione
691 3242 871 3324 episcopali
908 3251 987 3306 sunt
1024 3251 1191 3324 exempta.
1229 3241 1300 3304 Cir.
1321 3242 1407 3312 ,Van

317 3324 497 3401 Gameren‚
514 3325 563 3385 De
578 3325 733 3403 oreteriir,
752 3347 784 3406 p.
805 3345 951 3406 113-117.

358 3429 388 3468 2.
407 3408 569 3489 Quamvis
579 3407 654 3487 jure
672 3409 849 3476 communi,
869 3415 906 3469 ut
923 3410 1034 3490 plures
1051 3410 1170 3470 saltem
1187 3413 1366 3469 autumant
1382 3406 1405 3482 ⁴,

317 3488 465 3550 Oratoria
496 3488 693 3570 semipuellae
725 3493 960 3571 religiosorum
987 3491 1192 3571 designanda
1222 3489 1334 3551 iorent
1365 3488 1407 3549 ab

316 3573 496 3652 Episcop0,
514 3592 534 3632 a
557 3591 622 3651 quo
649 3575 825 3654 praeterea
842 3569 970 3636 'visitari
986 3582 1136 3655 possent,
1164 3593 1205 3633 ex
1230 3571 1416 3653 privilegio·

317 3662 466 3715 tamena
490 3655 655 3734 Gregorio
682 3672 743 3718 xiii
768 3656 929 3719 Societati
950 3658 1029 3740 Jesu
1047 3657 1085 3718 C.
1112 3657 1405 3730 maenomenon,

317 3756 333 3813 3
352 3738 429 3798 maii
450 3755 538 3816 1575,
557 3756 730 3815 concesso
745 3740 833 3820 quod
849 3740 880 3800 in
895 3740 959 3801 hac
973 3748 1069 3821 parte
1083 3739 1234 3800 sentiunt
1250 3738 1407 3818 doctores

316 3820 557 3882 communicari
580 3841 657 3882 cum
680 3823 752 3884 aliis
779 3822 973 3899 Ordinibus
1004 3821 1087 3883 satis
1115 3830 1166 3882 cst
1194 3821 1222 3882 si
1247 3817 1408 3901 Superior

315 3901 536 3964 Provincialis
554 3923 593 3964 ea
608 3904 858 3985 approbaverit.
876 3906 994 3985 Itaque
1010 3905 1053 3967 ad
1067 3903 1250 3985 legitimam
1263 3902 1407 3965 erectio·

316 4005 404 4062 nem,
423 3985 627 4066 requiritur:

343 4221 350 4255 1
366 4219 421 4267 Cir.
435 4221 465 4266 Α,
481 4221 509 4266 S.
522 4221 550 4267 S.
562 4224 580 4267 t.
595 4227 630 4274 31,
643 4234 669 4279 p.
680 4238 731 4278 412.
746 4228 798 4277 413.
811 4220 912 4268 Decreta
922 4220 1066 4276 authentica,
1079 4233 1106 4266 n.
1119 4232 1191 4276 4007·

341 4281 352 4314 '³
367 4279 395 4325 S.
408 4278 439 4325 R.
453 4279 481 4325 C.
492 4277 577 4325 citato
588 4278 698 4325 decreto
712 4287 775 4336 ¹899·
788 4277 972 4326 -³Ibiden1.-
1361 4298 1365 4308 ,

341 4339 352 4372 ⁴¹
369 4335 504 4391 Gar-tiens,
517 4337 554 4382 De
565 4336 690 4384 Orotorr'e's
701 4335 843 4400 domesticis.
858 4351 882 4384 c.
898 4345 932 4391 ιθ,
945 4351 972 4384 n.
985 4350 1014 4384 2·
1032 4337 1094 4384 Van
1107 4336 1243 4383 Gameren
1254 4348 1281 4392 p.
1294 4341 1336 4389 273
1347 4347 1406 4398 sqq.

314 4400 365 4440 etc.
387 4396 489 4441 Contra
508 4399 599 4441 tamen
619 4393 805 4450 Reiffenstuel‚
838 4409 854 4440 n
874 4395 892 4441 l.
911 4403 923 4442 3
941 4375 1021 4443 Decr’.
1035 4401 1055 4443 t.
1074 4412 1112 4453 41,
1132 4392 1406 4452 n.19·21;FerrarrS,

314 4466 340 4498 v.
354 4451 503 4508 Oratoriunr,
515 4466 542 4498 n.
556 4465 641 4508 72·77;
656 4451 752 4508 Bouir,
767 4458 783 4499 t.
798 4471 819 4508 2,
833 4467 859 4511 p.
875 4469 924 4511 191.
