3148 5004
331 437 372 504 36
694 452 763 494 raris
776 431 911 494 securiori.
928 455 1018 492 carur
1033 455 1052 490 ii

366 587 427 653 Cur
451 587 551 652 mitior
574 595 612 651 sit
637 593 793 665 disciplina
824 592 1081 650 santimonialium
1108 593 1183 649 haec
1217 593 1293 652 ratio
1322 594 1419 654 afferri

331 689 436 752 potest,
451 680 530 754 quod
543 689 612 736 vota
623 678 781 735 sollemnia
795 679 947 751 postulant
966 677 1137 734 clausuram
1153 675 1339 750 pontificiam
1352 678 1423 754 ejus

331 766 453 823 rationis
466 782 543 839 quae
555 761 704 822 difficilius
713 780 830 821 servare
840 763 931 836 possit
944 780 962 819 a
976 761 1168 820 monialibus,

587 933 602 1023 §
628 950 666 1029 3.
700 925 746 1003 V
743 924 906 1006 orielos
934 926 977 1004 in
1006 924 1160 1030 regulo

330 1105 573 1179 Herpenrotlier
582 1109 611 1163 et
619 1111 647 1166 J.
657 1111 1037 1178 KaulonKirclirnleeicon,
1050 1123 1077 1162 v.
1087 1111 1282 1180 Oi·ilensro,ool;
1294 1114 1421 1182 suarez,

362 1189 573 1322 ibliihiiom’
599 1189 633 1242 tr.
654 1189 677 1253 8,
701 1189 718 1242 l.
744 1192 766 1253 1,
789 1205 813 1243 o.
836 1192 866 1255 i;
884 1190 1079 1257 Pellieariits,
1100 1191 1241 1258 Manuale,
1263 1195 1325 1262 etc,
1345 1194 1380 1247 tr.
1397 1196 1423 1257 5,

145 1467 218 1515 Ram
238 1481 274 1513 n-
371 1422 434 1487 87.
456 1443 481 1483 ι.
505 1425 642 1500 Regula
662 1423 829 1500 religiosa
852 1421 884 1482 in
911 1422 1088 1483 universnm
1111 1423 1253 1487 describi
1277 1432 1417 1506 potest:

112 1525 181 1584 gun,
329 1505 449 1568 Norrno
464 1503 586 1566 uiuendi
602 1503 796 1586 perfectionis
817 1504 963 1566 stridiosis
976 1506 1145 1587 proposito,
1163 1528 1224 1588 qno
1240 1507 1416 1590 dirigantur

143 1637 175 1684 in
189 1650 232 1682 usu
328 1585 371 1648 od
381 1587 477 1664 finem
491 1606 565 1648 snae
573 1585 787 1668 professionis.
843 1601 845 1605 ·

113 1695 241 1750 conmuni,
371 1669 509 1746 Verum,
526 1689 568 1730 ex
584 1688 649 1750 quo
672 1669 781 1750 coepit
805 1671 921 1750 regula
937 1669 1121 1734 cohaerere
1136 1674 1341 1737 monasterio
1365 1675 1418 1735 vel

329 1749 500 1828 Instituto,
511 1759 612 1832 atque
625 1752 672 1813 ita
688 1755 881 1833 praevalere
895 1771 1001 1829 genus
1015 1754 1105 1815 vitae
1118 1755 1365 1818 coenobiticum
1382 1766 1420 1819 ut

330 1833 536 1896 eremiticum
561 1836 628 1916 jam
658 1835 802 1917 positiva
829 1842 961 1897 careret
991 1836 1221 1900 ecclesiastica
1252 1840 1418 1918 approba-

329 1917 432 1991 tione,
457 1936 558 1980 sensu
582 1917 751 1980 strictiore
767 1917 942 1980 delinitur:
967 1917 1088 1980 Nornin
1111 1919 1232 1980 vivendi
1251 1920 1418 1984 secundnm

323 1997 540 2080 perfectionem
562 1998 767 2083 evangelicam
790 1999 943 2083 religiosis
965 2000 1156 2080 impositioni
1179 2002 1374 2065 corrrnrnrrr'ter
1389 2009 1418 2064 et

329 2078 489 2160 efficaciter
505 2080 547 2144 od
553 2082 651 2162 finem
665 2103 739 2144 sune
752 2082 913 2166 religionis
929 2081 1067 2144 tendunt.

145 2194 177 2239 iu
191 2206 234 2237 usu
280 2175 281 2178 ’
372 2187 402 2228 a.
412 2163 561 2247 Jnridico
572 2165 713 2245 denique
725 2186 794 2243 nsrr,
809 2167 925 2247 regula
937 2165 1149 2227 strictissime
1162 2166 1315 2245 designat
1336 2194 1349 2223 e
1367 2188 1418 2231 re·

109 2250 226 2310 junoni.
330 2249 426 2328 gulas
442 2247 669 2328 antiquiorum
685 2247 860 2327 Ordioum,
871 2267 956 2329 quae
969 2249 1048 2310 olim
1065 2249 1108 2310 ab
1121 2249 1317 2330 Apostolica
1333 2250 1419 2314 Sede

330 2337 409 2392 sunt
426 2331 632 2411 approbatae
650 2331 659 2358 1
678 2353 689 2388 i
708 2331 785 2394 dum
801 2330 1006 2394 recentiores
1023 2333 1113 2412 leges
1130 2332 1269 2394 veniunt
1283 2335 1419 2398 nomine

331 2412 605 2475 Constitutionum.
1306 2413 1312 2424 '

372 2497 491 2573 Porro,
508 2495 595 2556 sicut
609 2515 728 2557 norma
743 2501 827 2571 tota,
845 2497 892 2558 ita
913 2495 1035 2576 singuli
1051 2495 1123 2576 ejus
1135 2495 1268 2560 articuli
1283 2500 1418 2579 regulae

331 2577 465 2640 nomine
491 2577 618 2656 signari
647 2581 773 2641 valent.
803 2579 855 2640 lta
880 2577 1002 2640 dicitur
1033 2580 1151 2658 regula
1180 2591 1213 2660 5³
1243 2575 1422 2644 summarii

333 2659 636 2722 Constitutionum.

148 2770 265 2816 Nationes
373 2743 436 2807 88.
456 2765 469 2806 1
501 2743 597 2824 Quod
614 2743 656 2804 ad
677 2741 885 2821 intentionem,
904 2748 1060 2805 auctores
1077 2745 1215 2824 regulae
1233 2745 1339 2825 primo
1354 2745 1418 2808 hoc

120 2829 255 2875 internae.
332 2845 435 2886 unum
458 2823 520 2886 sibi
543 2831 803 2907 proposuerunt,
829 2833 864 2886 ut
891 2825 1090 2907 explicatius
1118 2827 1290 2890 traderent
1317 2848 1418 2891 evan·

149 2941 199 3001 Quo
222 2953 277 2988 m.
332 2907 459 2988 gelicae
485 2908 699 2990 perfectionis
726 2909 939 2970 documenta.
964 2909 1060 2990 Quod
1083 2914 1224 2989 apparet
1247 2929 1280 2972 v.
1305 2931 1356 2991 gr.
1386 2912 1419 2973 iii

118 3002 174 3067 sino
184 3003 239 3045 sunt
333 3010 404 3070 reg.
428 2990 465 3052 S.
488 2989 620 3053 Basilii.
643 2991 724 3053 Iride
749 3012 770 3052 a
797 2991 832 3055 S.
858 2991 1041 3053 Benedicto
1065 2989 1285 3072 instituerunt
1312 2993 1420 3074 magis

117 3062 216 3165 was
242 3071 275 3104 ’θ’
332 3079 492 3134 accurate
534 3072 711 3153 disponere
748 3075 962 3153 quotidianae
999 3075 1266 3137 conversationis
1304 3095 1420 3158 opera.

115 3133 132 3177 g
186 3153 191 3164 '
333 3155 497 3236 Denique,
514 3163 693 3238 postquam
709 3156 805 3217 varia
821 3157 886 3218 fine
902 3155 1038 3238 speciali
1055 3156 1213 3220 distincta
1229 3163 1308 3220 sunt
1324 3159 1421 3220 Insti-

332 3245 418 3316 tuta,
443 3239 651 3320 praesciipta
668 3241 804 3319 regulae
823 3241 1077 3302 accommodata
1092 3247 1182 3306 sunt.
1202 3260 1270 3302 nori
1286 3247 1417 3304 tantuin

333 3322 376 3383 ad
398 3323 555 3401 generale
572 3322 720 3383 omniurn
744 3322 987 3401 religiosorum
1005 3342 1124 3384 verum
1141 3324 1243 3386 ctiam
1260 3323 1301 3385 ad
1318 3341 1419 3403 pecu·

332 3404 413 3466 liare
430 3405 638 3484 singularum
656 3405 855 3484 religionum
872 3404 1060 3467 consilium.
1380 3435 1382 3438 ·

148 3506 277 3564 Depnmrs
374 3508 404 3549 a.
419 3486 577 3548 Monachi
589 3487 715 3567 primae
731 3490 854 3549 aetatis
867 3488 1101 3549 existimarunt
1117 3507 1153 3548 se
1177 3487 1320 3569 primam
1337 3507 1419 3552 suae

119 3561 214 3622 region.
334 3569 526 3652 disciplinae
543 3569 684 3630 formam
698 3571 844 3651 reperire
858 3570 889 3631 in
903 3570 990 3631 Actis
1001 3569 1227 3651 Apostolorum,
1244 3588 1292 3648 1v,
1309 3589 1417 3650 32·35‚

333 3652 390 3714 ubi
405 3655 446 3713 de
467 3651 662 3712 voluntaria
685 3652 828 3731 quadam
845 3653 1010 3714 bonorum
1035 3653 1246 3714 abdicatione
1273 3654 1419 3716 habetur
1478 3659 1481 3666 '

334 3753 455 3809 serm0‚
473 3752 612 3811 eamque
635 3733 791 3796 dicebant
807 3734 960 3817 Regniorn
981 3734 1036 3796 snb
1058 3734 1170 3796 sanctis
1192 3734 1335 3816 apostolis
1350 3756 1420 3798 con-

332 3817 473 3879 stitutam
494 3815 518 3878 ².
542 3816 703 3895 Regulae,
721 3818 913 3897 etquidem,
930 3825 1082 3898 exparte
1105 3815 1235 3894 saltem,
1261 3818 1418 3901 scriptae,

334 3962 390 3970 ’.-

361 4027 368 4061 1
380 4027 454 4073 Inter
465 4022 715 4071 animadversiones
726 4025 752 4072 S.
767 4025 852 4079 Coria.
867 4021 958 4082 Episc.
967 4029 994 4070 et
1003 4024 1100 4082 Regiil.
1114 4022 1247 4077 Bizzarri.
1258 4037 1285 4082 p.
1297 4030 1348 4078 846.
1359 4037 1376 4068 n
1395 4029 1419 4071 6.

334 4085 431 4142 Itaque
441 4088 571 4146 quattuor
581 4081 763 4146 communiter
774 4081 802 4127 in
814 4081 941 4145 Ecclesia,
949 4088 1125 4146 recensentur
1136 4083 1246 4145 regulae
1256 4095 1262 4130 :
1274 4081 1301 4129 S.
1315 4079 1420 4137 Basilii,

334 4142 361 4190 S.
375 4139 526 4196 Benedicti,
546 4141 572 4188 S.
585 4139 729 4196 Augustini
751 4138 794 4194 (de
809 4139 887 4198 cujus
903 4153 1007 4196 origine
1026 4139 1154 4192 diximus]
1173 4137 1282 4198 quibus,
1301 4146 1362 4197 post
1372 4139 1424 4186 sol-

333 4200 450 4246 lemnem
470 4195 697 4256 approbationem
721 4198 873 4244 Innocentii
895 4210 925 4243 iii
950 4205 976 4243 et
998 4197 1116 4245 Honorii
1140 4210 1171 4243 iii
1192 4196 1307 4243 accessit
1327 4197 1421 4254 regula

333 4257 361 4306 S.
381 4256 532 4304 Francisci.
554 4255 644 4312 Hujus
660 4255 688 4301 in
709 4254 716 4302 i
740 4268 769 4300 so
787 4267 901 4315 corpore
924 4253 994 4311 juris
1015 4253 1133 4302 habetur
1152 4254 1286 4318 expositio
1305 4253 1378 4318 iacta
1403 4267 1421 4302 a

333 4313 450 4362 Nicolao
470 4327 510 4369 iii,
532 4327 556 4360 c.
578 4313 652 4360 Exiit
670 4320 692 4366 3,
728 4327 738 4357 e
762 4312 790 4360 V.
808 4313 836 4360 S.
850 4320 902 4359 ino
917 4321 953 4368 (v.
968 4317 1012 4369 η).
1033 4313 1100 4359 Tres
1118 4326 1223 4372 priores
1242 4316 1421 4360 nominantur

334 4385 358 4419 c.
372 4371 558 4418 Periiiciosam
567 4375 594 4418 25
606 4371 638 4419 C.
650 4382 726 4424 xviii,
739 4383 765 4428 q.
778 4387 791 4418 2
803 4383 920 4417 excorio.
933 4383 1001 4416 rom.
1016 4378 1081 4427 1139.

362 4428 535 4486 2Posstdius,
553 4428 609 4474 Vna
619 4427 647 4474 S.
658 4428 797 4485 Augustini,
809 4441 833 4475 c.
846 4434 867 4476 5.
878 4428 928 4484 tM.
942 4428 973 4474 P.
987 4429 1019 4474 L.
1033 4432 1051 4474 t.
1065 4436 1101 4483 32,
1114 4440 1136 4473 c.
1151 4429 1196 4485 37).
