3148 5004
319 416 379 480 112
617 436 685 472 elas
700 435 820 484 quanta.
838 435 934 471 suerro
949 434 978 472 11.
997 433 1087 470 cneus
1102 433 1111 469 1

359 569 401 635 R.
417 569 494 634 Nisi
508 569 600 633 aliter
616 569 782 651 definiatur
800 571 937 652 propriis
950 569 1239 647 Constitrctr'one‘bus,
1256 569 1413 633 Novitius

320 654 387 734 qui,
405 652 540 717 domum
558 653 742 733 ingressus,
760 653 878 717 deinde
895 674 955 738 per
977 653 1112 734 aliquod
1138 660 1282 734 tempus,
1309 653 1412 716 etiam

319 736 480 814 notabile,
500 738 601 818 degat
616 746 713 800 extra
726 743 932 800 conventum
950 756 1027 800 cum
1040 735 1163 798 licentio
1174 734 1328 813 Praelati‚
1343 756 1412 800 mo·

323 817 453 897 raliter,
470 819 670 897 etiamtum,
687 826 846 881 versatur
863 819 896 881 in
912 819 1121 902 probatione.
1139 818 1250 895 itaut,
1274 829 1414 900 peracto

323 911 488 964 consueto
511 903 633 984 spati0,
651 902 796 964 validam
820 903 952 966 emittat
976 901 1231 984 professionem.
1254 902 1306 962 Ita
1323 921 1413 964 com-

322 984 433 1048 munis
450 985 631 1061 sententia,
649 995 725 1068 post
741 985 851 1066 ipsum
871 985 1024 1065 Fagnani
1040 986 1083 1046 ad
1098 983 1137 1046 C.
1154 982 1362 1062 Insinuante,
1381 1004 1411 1064 7,

323 1068 388 1151 Qui
403 1067 506 1130 clerici
520 1067 566 1129 vel
581 1075 716 1130 voventes
734 1072 793 1146 (tv.
812 1069 843 1148 6)
857 1088 891 1132 n.
905 1074 955 1148 38,
970 1066 1026 1148 qui
1038 1067 1142 1130 refert
1158 1063 1259 1129 etiam
1275 1086 1413 1149 respon·

322 1170 396 1214 sum
422 1151 458 1215 S.
485 1151 779 1232 Congregationis.

109 1262 269 1335 QutWNJ·
358 1269 446 1345 Quod
464 1271 593 1328 dicimus
606 1272 713 1328 saltem
727 1271 764 1328 de
784 1271 820 1330 iis
839 1269 1003 1328 Ordinibus
1021 1287 1148 1344 quorum
1169 1268 1340 1326 Novitiatus
1352 1286 1414 1328 non

105 1327 269 1430 ”S‘fussss‘jj'bg
322 1354 382 1411 sint
395 1371 414 1410 a
435 1352 466 1411 S.
482 1352 558 1412 Sede
582 1353 770 1426 designandi.
794 1351 830 1412 In
852 1355 926 1411 alios
949 1360 1062 1426 tamen,
1077 1354 1102 1411 si
1117 1371 1178 1410 una
1192 1353 1415 1434 consideremus

109 1443 225 1499 signarus.
322 1439 478 1512 principia,
499 1437 650 1495 transferri
670 1438 761 1494 etiam
782 1447 917 1511 possunt,
934 1449 1037 1495 nostra
1050 1436 1205 1510 sententia,
1220 1437 1347 1493 rationes
1360 1453 1415 1492 cur

323 1522 459 1580 doctores
472 1523 646 1596 permittant
659 1521 805 1580 novitium
821 1523 995 1596 aliquandiu
1008 1522 1121 1582 abesse.

360 1605 493 1676 Positiua
506 1607 587 1662 enim
598 1605 667 1681 jura
682 1615 818 1663 statuunt
828 1606 959 1662 novitios
969 1624 1029 1664 non
1042 1623 1128 1679 posse
1141 1605 1171 1662 in
1185 1605 1251 1663 aliis
1264 1615 1414 1670 monaste-

324 1691 374 1749 riis
393 1692 483 1764 recipi
502 1692 540 1747 ad
564 1691 700 1747 habiturn
714 1691 761 1748 vel
784 1688 1011 1764 professionem,
1031 1708 1092 1748 non
1111 1700 1212 1747 autem
1236 1691 1360 1763 exigunt
1383 1698 1417 1746 ut

324 1784 420 1834 totum
436 1793 552 1833 annum
569 1787 794 1833 commorentur
805 1776 835 1832 in
848 1775 897 1832 illa
914 1776 1004 1834 domo
1012 1792 1020 1846 3
1032 1793 1087 1833 nec
1097 1786 1199 1833 vetant
1212 1793 1260 1845 ne,
1274 1776 1313 1833 ob
1327 1777 1415 1848 parti·

324 1860 456 1918 cularem
482 1878 615 1930 causam,
650 1861 775 1917 domum
798 1861 885 1917 istam
913 1858 943 1914 in
976 1869 1095 1933 tempus
1120 1850 1301 1934 relinquant,
1326 1860 1413 1916 modo

324 1963 443 2020 semper
465 1947 503 2002 ad
525 1946 653 2002 eandem
678 1945 886 2003 existimentur
905 1947 1051 2018 pertinere
1071 1962 1146 2002 neve
1168 1944 1304 2002 videatur
1325 1945 1415 2002 altera

326 2030 434 2087 domus
446 2030 606 2086 novitiatui
620 2030 705 2103 quasi
718 2030 865 2102 deputari.

110 2150 206 2220 Quasi
219 2151 270 2218 Nq-
368 2142 474 2204 Immo
496 2140 718 2204 Reiffenstuel
741 2140 812 2204 inl.
831 2163 847 2220 3
866 2147 890 2202 t.
910 2161 946 2219 31
964 2159 999 2204 n.
1021 2159 1088 2220 107,
1112 2138 1417 2220 Schmalzgrueber

109 2215 183 2315 222¹?
231 2209 272 2257 “¹'‘
327 2224 393 2288 ibid
410 2246 443 2288 n.
461 2230 500 2287 62
517 2232 551 2286 et
567 2226 681 2305 plures
693 2223 761 2301 alii,
775 2222 971 2285 existimant
984 2241 1051 2284 non
1064 2221 1201 2286 obstare
1217 2223 1244 2284 si
1258 2222 1416 2298 novitius,

175 2304 195 2346 ’·
327 2327 461 2390 semper
477 2307 539 2369 sub
557 2307 749 2369 obedientia
771 2306 933 2383 Praelati‚
958 2312 991 2367 et
1007 2305 1178 2386 ascriptus
1194 2305 1306 2367 domui
1325 2303 1418 2367 novi-

326 2392 444 2468 tiatus,
462 2392 564 2452 etiam
580 2409 639 2470 per
656 2390 817 2470 majorem
834 2390 914 2451 anni
931 2394 1061 2471 partem
1078 2387 1236 2452 abluerit.

369 2489 461 2568 Opus
488 2496 601 2550 tamen
628 2499 679 2549 est
696 2496 733 2549 ut
748 2488 782 2549 in
798 2489 966 2554 novitiatu
989 2509 1029 2551 eo
1055 2488 1173 2552 saltem
1197 2494 1353 2549 versatus
1376 2487 1420 2548 sit

327 2571 436 2654 spatio
453 2591 518 2652 quo
532 2571 606 2632 finis
622 2570 829 2652 probationis
845 2570 990 2634 obtineri
1002 2572 1126 2634 valeat.

120 2679 274 2746 ‚deversatus
373 2681 459 2745 187.
473 2703 500 2743 1.
511 2679 704 2742 Novitiatus
717 2679 847 2741 initium
861 2680 1023 2758 habet‚ut
1035 2680 1182 2762 plerique
1195 2679 1323 2755 volunt,
1332 2698 1352 2739 a
1365 2676 1418 2739 die

115 2742 220 2786 instrum.
327 2761 525 2843 quo-habitus
540 2767 583 2822 est
598 2767 759 2842 susceptus,
779 2762 842 2824 nisi
860 2761 963 2842 Ordo,
983 2765 1036 2827 vel
1054 2760 1290 2846 Congregatio‚
1312 2780 1346 2823 v.
1364 2779 1417 2841 gr.

329 2845 483 2908 Societas
498 2846 590 2929 Jesu,
609 2845 673 2905 hac
693 2846 766 2921 lege
782 2844 910 2908 ferendi
937 2845 1074 2910 habitus
1096 2844 1221 2929 proprii
1237 2843 1418 2907 eximatur.

328 2927 426 2990 Tunc
443 2927 531 2988 enim
547 2927 720 2989 exorditur
735 2947 755 2987 a
772 2935 943 2990 momento
959 2947 1035 3010 quo,
1051 2949 1093 2992 ex
1109 2935 1227 2992 mutuo
1250 2925 1419 3008 religionis

329 3017 362 3080 et
377 3009 493 3072 novitii
508 3028 687 3085 consensu,
702 3008 741 3084 is,
759 3009 791 3071 in
806 3011 942 3075 domum
958 3012 1020 3074 sibi
1036 3012 1183 3088 legitime
1195 3011 1417 3090 designatam,

329 3092 531 3155 admittatur
553 3091 764 3174 probationis
792 3094 1019 3158 instituendae
1036 3113 1140 3158 causa
1164 3100 1290 3156 etcum
1305 3091 1419 3156 animo

329 3175 548 3260 permanendi
564 3175 598 3237 in
614 3173 800 3257 Religione.

365 3295 504 3369 Arguunt
523 3296 659 3352 doctores
671 3312 707 3351 ex
726 3294 804 3351 dicto
818 3313 844 3353 c.
862 3310 894 3370 15
909 3295 943 3353 C.
957 3294 1125 3353 Tridentini
1138 3295 1275 3367 exigente
1288 3304 1321 3350 ut
1335 3293 1419 3350 novi-

329 3379 398 3450 tius,
414 3380 519 3436 saltem
534 3396 725 3452 perannum,
753 3402 765 3430 «
783 3381 852 3458 post
876 3382 1040 3458 susceptum
1051 3374 1188 3440 hobitum
1201 3380 1231 3436 in
1246 3379 1420 3452 probatione
1435 3409 1439 3415 -

329 3464 450 3520 steterit.
464 3485 477 3514 ›>
491 3461 576 3538 Quae
590 3464 664 3519 ratio
679 3481 698 3520 a
710 3462 822 3521 Suarez
834 3483 887 3538 pro
901 3483 963 3521 non
977 3476 1101 3538 cogente
1114 3465 1249 3524 habetur.
1260 3459 1308 3521 De
1316 3458 1418 3541 Retig.

329 3557 365 3606 tr.
380 3563 407 3621 7,
422 3548 442 3604 l.
457 3562 484 3621 5,
501 3565 527 3604 c.
541 3563 584 3619 14,
599 3564 631 3603 n.
645 3565 689 3605 10.

115 3673 196 3725 Prior
208 3692 274 3737 quae·
372 3681 402 3722 a.
420 3660 540 3735 Porr0,
559 3660 648 3738 quod
664 3660 783 3722 suadet
799 3661 962 3741 aequitas,
988 3660 1151 3742 praecipit
1167 3659 1321 3722 Clemens
1343 3675 1417 3736 vul,

116 3735 275 3783 tamenstnu-
332 3741 370 3804 C.
388 3740 468 3803 Cunr
484 3739 525 3802 ad
537 3739 711 3822 regularem
730 3744 751 3820 ¹,
769 3749 806 3803 ut
825 3769 838 3798 «
857 3763 985 3821 omnes,
1003 3745 1103 3807 etiam
1128 3741 1294 3818 conversi,
1312 3741 1418 3824 prius·

117 3795 159 3841 'w'
332 3843 432 3903 quam
460 3824 501 3885 ad
528 3823 682 3887 habitum
713 3825 946 3898 admittantur,
977 3827 1190 3890 instruantur
1219 3826 1259 3888 de
1289 3825 1417 3904 regula,

330 3905 432 3983 votis,
447 3911 538 3967 statu
556 3907 703 3987 regulari
717 3916 750 3970 et
763 3910 900 3992 propria
916 3909 1066 3974 instituti
1082 3909 1224 3971 ratione.
1244 3935 1258 3964 »

143 4030 269 4078 Eum-m,
373 4021 403 4078 3.
428 4002 593 4063 Moniales
618 4003 739 4066 debent
763 4004 855 4084 prius
873 4025 972 4085 quam
990 4006 1031 4068 ad
1045 4004 1197 4068 habitum
1213 4001 1422 4085 recipiantur

114 4087 276 4205 {affla-
331 4104 456 4146 vacare
479 4085 661 4147 Exercitiis
688 4087 920 4169 spiritualibus
948 4107 1074 4171 perro
1101 4087 1184 4151 dies.
1211 4088 1263 4151 Ita
1290 4106 1330 4150 ex
1356 4085 1421 4149 litt.

116 4203 155 4250 les.

345 4331 550 4444 ulnfpnsstistpgip
561 4350 607 4384 eos
618 4338 714 4385 saltem
726 4336 828 4398 obligat
840 4338 959 4387 Ordines
972 4352 1089 4399 quorum
1099 4337 1250 4388 novitiatus
1261 4333 1422 4398 designandi

331 4410 344 4444 s
453 4433 457 4443 .
544 4431 549 4442 .
