3148 5004
7 479 12 505 r
157 453 189 533 [1
193 453 282 534 1-14]
318 475 354 509 ns
370 473 475 509 sraros
490 473 627 510 xucrcrosr
643 475 776 518 nortona.
794 476 931 512 rxxrrsus
947 477 982 512 ar
998 477 1073 514 oxru
1225 455 1243 518 9

185 610 229 668 Ita
243 609 382 682 Pelagius
401 607 601 666 contendebat
623 626 729 666 omnes
749 608 860 666 Christi
880 609 1160 667 commendationes
1178 629 1243 669 esse

148 696 177 750 in
192 693 355 767 praeceptis
370 712 377 750 ε
403 710 494 765 quem
516 709 645 748 errorem
660 694 851 749 restituerunt
865 693 1027 762 Lutherus,
1044 693 1242 752 Melanchton

147 791 175 835 et
188 779 350 845 Calvinus3
374 778 446 834 dum
463 775 646 848 Vigilantius
666 777 770 834 omnia
793 777 923 834 habebat
948 796 1000 850 pro
1022 779 1203 850 adiaphoris,
1224 797 1243 838 a

146 861 291 920 Wicleffo
310 879 380 918 vero
400 862 479 917 mala
501 873 530 916 et
553 860 727 917 detestanda
748 862 933 918 ducebantur
957 881 1034 937 quae
1059 865 1089 920 in
1109 865 1243 921 consiliis
1338 894 1349 920 ι

148 945 250 1004 relerri
265 955 336 1001 sunt
348 944 446 1001 solita.

187 1047 215 1087 2.
230 1027 344 1086 Verum
359 1028 491 1102 doctrina
510 1045 597 1102 quae,
614 1036 730 1100 praeter
745 1021 913 1101 praecepta,
928 1028 1052 1086 consilia
1066 1026 1196 1088 affirmat
1211 1031 1242 1088 in
1321 1033 1452 1082 Fidadoce-

152 1112 318 1184 Evangello
338 1111 461 1167 inveniri
481 1120 543 1168 tam
556 1112 641 1190 'clare
656 1111 831 1182 continetur
850 1113 880 1168 in
901 1112 1051 1185 Scriptura
1074 1127 1103 1170 et
1117 1113 1241 1173 Patrum
1295 1107 1454 1198 &fumi

151 1197 319 1264 traditione,
335 1207 366 1251 ut
377 1196 414 1251 ad
429 1193 519 1251 fidem
535 1196 680 1267 pertineat
693 1197 885 1252 catholicam.
1093 1204 1096 1210 “

189 1279 231 1338 Ut
254 1280 426 1348 omittamus
442 1280 494 1338 SS.
510 1279 674 1348 Patresde
687 1281 796 1352 quibus
810 1281 922 1350 ambigi
938 1282 1050 1354 nequit,
1067 1299 1137 1338 cum
1154 1283 1242 1339 laude

152 1363 327 1434 virginitatis
342 1364 429 1435 plena
450 1365 511 1420 sint
533 1364 665 1436 ipsorum
682 1382 782 1436 opera,
798 1383 834 1420 ox
854 1364 1012 1438 Scripturis
1032 1366 1181 1423 luculente
1196 1384 1242 1425 res

152 1447 284 1506 efficitur.
353 1455 356 1460 ’
958 1445 963 1458 “

183 1534 212 1609 a)
234 1533 323 1607 Apud
344 1527 378 1589 S.
404 1527 515 1589 Marta.
541 1549 586 1605 19,
612 1532 705 1601 16-22,
731 1532 868 1590 Christus
888 1533 1049 1604 Dominus,
1070 1545 1239 1608 postquam,
1295 1540 1452 1607 Protartaex

147 1629 176 1685 t.
200 1635 243 1692 17,
270 1617 416 1675 servanda
440 1616 514 1672 dixit
541 1616 684 1673 mandata
710 1619 747 1674 ad
770 1618 939 1674 habendam
960 1619 1052 1675 vitam
1075 1630 1239 1692 aeternam,
1295 1599 1436 1658 Scriptum.

147 1712 176 1768 r.
189 1719 222 1759 21
236 1702 428 1759 commendat
442 1701 643 1757 voluntariam
661 1710 865 1775 paupertatem
882 1714 915 1758 ut
932 1703 1066 1759 medium
1088 1703 1241 1776 perfectio·
1268 1699 1274 1707 ’

148 1786 194 1842 nis
206 1785 433 1858 consequendae
456 1793 485 1839 et
508 1783 662 1840 obtinendi
685 1785 816 1840 thesauri
831 1785 860 1841 in
877 1786 970 1842 caelo.
994 1785 1105 1843 Nonne
1119 1790 1241 1861 apertis·

147 1869 221 1926 sime
242 1871 299 1926 hoc
323 1869 390 1924 loco
415 1867 553 1923 ultronea
578 1867 628 1924 illa
641 1870 816 1942 exspoliatio
837 1871 978 1927 suadetur
992 1881 1024 1927 ut
1037 1871 1116 1928 bona
1135 1882 1164 1931 et
1178 1891 1239 1930 non

146 1951 324 2028 praecepta?

181 2040 211 2114 b)
227 2038 397 2110 Apostolus,
422 2037 452 2092 in
477 2031 619 2114 Epirlolo
633 2053 643 2092 1
656 2032 698 2093 od
710 2031 861 2106 Corinth„
876 2056 903 2095 c·
918 2053 944 2109 7,
961 2048 988 2104 l.
1004 2053 1038 2112 25
1053 2048 1142 2109 negat
1159 2057 1190 2095 se
1203 2039 1240 2097 de

145 2121 311 2193 virginibus
325 2130 515 2192 praeceptum
540 2117 664 2175 Domini
681 2120 799 2187 habere,
822 2122 981 2178 consilium
1001 2135 1101 2180 autem
1126 2124 1239 2180 tradere

146 2215 293 2276 tanquam
306 2221 376 2259 eum
390 2222 479 2276 quem
504 2203 707 2259 misericordia
729 2203 853 2260 Domini
872 2204 939 2260 lecit
953 2203 1010 2260 fide
1023 2205 1147 2276 dignum
1163 2217 1183 2274 1,
1199 2206 1240 2262 ita

147 2298 182 2342 ut
195 2289 290 2358 ipsius
305 2287 419 2342 monita
434 2304 551 2358 prorsus
571 2288 740 2361 exprimant
759 2288 855 2358 ipsam
875 2288 984 2344 Christi
1003 2297 1147 2343 mentem.
1172 2286 1238 2344 Hoc

149 2382 282 2426 ceterum
296 2371 373 2426 idem
386 2369 547 2428 formaliter
560 2373 699 2441 declarat,
712 2389 795 2440 cum,
809 2381 836 2437 tr.
849 2390 896 2446 40,
908 2372 1011 2429 iterato
1026 2373 1151 2429 consilio
1165 2373 1239 2430 haec
1276 2373 1278 2378 ’

148 2453 282 2530 subjicit:
299 2475 312 2506 r
327 2454 401 2510 Puto
415 2463 426 2493 ²
438 2467 538 2512 autem
556 2457 636 2529 quod
652 2466 680 2512 et
695 2474 750 2529 ego
765 2455 909 2529 Spiritum
925 2456 980 2513 Dei
996 2457 1135 2514 habeam.
1152 2479 1165 2508 »

181 2538 321 2616 Jamvero
343 2547 369 2604 r.
392 2538 428 2613 38
440 2548 460 2609 3,
482 2541 672 2612 apertissime
693 2541 849 2618 exhibetur
870 2542 1024 2614 virginitas
1038 2551 1070 2598 ut
1086 2550 1238 2613 praestan-

145 2623 199 2679 tior
213 2623 393 2680 matrimonii
407 2624 554 2693 instituto,
573 2626 653 2698 quod
669 2637 771 2681 tamen
787 2626 972 2698 praedicatur
985 2628 1111 2683 bonum.

178 2706 262 2764 Neve
287 2701 368 2764 dicas
401 2716 525 2765 causam
553 2710 743 2780 praelationis
772 2729 853 2766 mere
879 2711 1001 2767 indicari
1028 2710 1236 2782 temporalem.

140 2791 317 2866 Adaequata
341 2795 421 2850 enim
446 2795 531 2863 ratio,
555 2812 646 2868 quam
673 2813 690 2851 a
713 2804 739 2860 tr.
763 2795 847 2870 afr-35
869 2797 996 2866 explicat
1009 2794 1038 2852 S.
1055 2794 1177 2864 Paulus,
1193 2805 1238 2851 est

141 2878 318 2950 virginitatis
340 2879 480 2950 splendor
503 2890 515 2925 4
537 2892 566 2935 et
587 2879 725 2935 libertas:
749 2881 779 2934 in
796 2891 873 2935 statu
887 2880 1064 2952 virginitatis
1077 2881 1174 2936 virum
1190 2879 1236 2936 uel

142 2960 285 3018 feminam
301 2963 376 3018 solvi
390 2963 492 3018 multis
520 2962 612 3036 hujus
636 2965 713 3020 vitae
736 2964 880 3020 molestiis
902 2976 930 3020 et
953 2966 1041 3032 curis,
1065 2982 1142 3037 quae
1166 2964 1236 3020 hinc

142 3046 273 3118 quidem,
288 3058 406 3119 propter
425 3048 589 3119 praesentis
605 3049 747 3120 temporis
761 3048 948 3117 brevitatem,
965 3049 1025 3105 sint
1040 3058 1235 3105 contemnen-

143 3129 206 3198 dae,
220 3131 302 3186 illinc
316 3147 385 3187 vero
399 3131 499 3187 obsint
512 3132 680 3203 quominus
695 3150 783 3188 vaces
797 3132 862 3188 Deo
875 3133 1008 3189 colendo.

185 3230 256 3310 Age
274 3229 345 3309 jam
369 3228 458 3291 inter
488 3229 629 3291 consilia
662 3231 780 3293 Novae
814 3231 927 3310 Legis
965 3231 1031 3292 tria
1068 3229 1229 3308 eminent,

143 3330 228 3390 quae
255 3312 475 3373 ad'nostram
503 3331 573 3374 rem
600 3312 729 3375 faciunt
754 3321 788 3374 et
816 3313 949 3374 nomine
975 3311 1070 3392 quasi
1095 3311 1230 3392 proprio

142 3393 299 3455 dicuntur
329 3393 536 3473 evangelica.
572 3394 659 3456 Sunt
697 3402 811 3456 autem
840 3393 1016 3456 voluntario
1048 3397 1226 3473 paupertas

135 3475 269 3556 perfectu
295 3475 421 3538 castitas
445 3488 479 3536 et
501 3475 684 3540 obedientia.
714 3479 846 3540 Horum
865 3477 935 3558 jam
963 3477 1229 3539 demonstranda

139 3567 190 3620 est
206 3559 401 3635 evangelica
417 3557 517 3620 rati0.

150 3685 154 3690 -
181 3642 241 3704 14.
258 3640 456 3720 Paupertutis
471 3641 598 3703 indoles
611 3643 808 3721 evangelica
820 3650 871 3704 est
882 3640 1115 3720 apertissima.
1133 3641 1224 3704 Idem
1300 3653 1445 3709 Evangelia

139 3722 192 3802 qui
215 3722 349 3784 divitias
375 3723 498 3787 similes
524 3723 602 3785 lecit
627 3723 800 3808 spinarum
827 3726 950 3805 quibus
979 3744 1100 3786 sensus
1129 3724 1224 3788 verbi
1282 3714 1418 3829 {ididan

1325 670 1428 718 Errorer

1296 731 1426 776 contrarii.

8 3717 19 3750 1

168 4015 244 4065 ¹Cir.
257 4017 376 4076 Cornely
394 4016 422 4064 in
440 4017 466 4065 h.
487 4019 504 4066 l.
525 4018 610 4077 Epist.
634 4036 643 4064 r
663 4018 698 4066 ad
718 4020 780 4066 Cor.
801 4019 904 4068 Eadem
923 4019 965 4067 vis
985 4017 1133 4079 subjicitur
1144 4018 1230 4068 verbo

140 4085 234 4141 πιστός,
247 4081 274 4130 in
286 4101 294 4130 r
307 4084 384 4143 Epist.
398 4085 430 4132 ad
444 4086 551 4133 Timotlr.
565 4100 583 4141 1,
599 4093 624 4133 15
634 4099 641 4140 ,¹
653 4094 674 4142 3,
687 4103 695 4132 r
706 4100 712 4142 ;
725 4106 747 4141 4,
760 4105 774 4144 9
781 4099 787 4141 ς
799 4096 825 4134 2³
837 4087 869 4132 ad
883 4088 949 4134 Tim.
964 4105 986 4142 a.
1002 4105 1036 4134 11.
1052 4095 1087 4134 13.

138 4149 177 4251 αἳ
188 4147 311 4255 Vgrbuni
322 4151 440 4258 illuqept
451 4153 549 4210 litotes,
569 4167 652 4212 quam
671 4154 917 4212 modestiaecausa
937 4161 1051 4214 usurpat
1067 4155 1226 4213 Apostolus.

173 4218 194 4253 r.
229 4221 295 4255 orne
336 4222 364 4256 rn
398 4247 403 4258 .
429 4247 434 4257 .

166 4223 340 4332 ³213il¹¹si²l
350 4268 397 4327 qui
410 4266 584 4315 matrimonio
592 4267 682 4329 jungit
696 4265 829 4327 virginem
845 4283 923 4316 suam
941 4268 1012 4316 bene
1033 4267 1099 4316 facit
1113 4282 1119 4317 :
1133 4268 1223 4329 etqui

135 4333 191 4368 non
198 4331 297 4383 Junglt,
310 4327 408 4373 melius
420 4325 495 4377 iacit.
511 4342 520 4368 r

165 4382 208 4430 ⁴t.
222 4387 258 4438 35,
271 4395 353 4446 quem
361 4382 518 4432 &Hieron
538 4383 574 4431 ad
590 4381 705 4430 verbum
718 4381 758 4430 sic
769 4383 914 4444 exprimit:
937 4401 946 4429 r
959 4384 995 4432 ad
1006 4382 1033 4430 id
1051 4382 1125 4442 quod
1138 4381 1221 4431 hone·

137 4439 209 4486 stum
220 4445 261 4488 est
271 4446 297 4488 et
305 4445 408 4489 intente
416 4440 483 4489 facit
492 4441 593 4490 servire
603 4441 721 4490 Domino
733 4438 838 4502 absque
849 4444 905 4490 ulla
917 4440 1104 4489 distractione.
1122 4457 1132 4483 r
