3148 5004
9 4509 19 4558 l

148 445 288 528 [95-98]
412 465 979 504 nnnxsrmcmonnmsrmumnnn1c1os1
1198 443 1235 508 61

188 606 316 669 Rectus
340 611 455 669 tamen
478 624 560 668 usus
584 604 681 668 istius
698 603 876 686 potestatis
892 604 1041 687 postulat
1053 603 1181 685 justam
1204 609 1238 667 et
1313 619 1450 680 Retinens

145 707 283 770 gravem
300 709 452 753 causam.
1292 693 1355 728 usns.

187 771 367 852 Negotium
383 771 472 835 enim
495 770 609 852 agitur
624 767 861 851 gravissimum
876 791 884 848 ;
899 769 1062 849 religiosis
1078 776 1112 832 et
1135 770 1238 834 fideli-

145 853 209 916 bus
221 855 276 934 jus
292 855 460 935 quoddam
488 860 539 917 est
568 852 769 934 acquisitum
794 872 836 914 ne
852 853 1028 934 priventur
1043 852 1188 916 utilitate
1204 859 1238 915 et

142 938 330 1000 commodis
347 938 423 999 talis
439 936 601 1014 Instituti,
620 955 682 997 nec
709 954 846 996 normae
869 936 1044 1014 generales
1060 935 1238 1000 exercendi

147 1018 236 1082 sacri
266 1019 395 1102 imperii
425 1018 540 1082 sinunt
568 1020 654 1081 haec
683 1016 804 1080 leviter
837 1018 973 1080 tentari.
1008 1016 1238 1082 Conlirmatur

149 1101 188 1165 C.
201 1100 351 1165 Conditac
365 1123 385 1164 a
400 1101 535 1180 Christo,
555 1120 629 1182 cap.
651 1121 678 1178 1,
696 1121 728 1162 n.
747 1105 797 1186 6.-

190 1187 358 1262 Ceterum,
377 1205 513 1247 causam
530 1185 629 1247 istam
645 1203 721 1245 cum
743 1183 850 1251 labilis
871 1187 931 1244 aut
952 1181 1074 1246 vitiosa
1091 1184 1237 1247 conditio

147 1269 251 1353 ipsius
263 1267 424 1346 Instituti,
440 1275 510 1330 tum
523 1267 714 1328 extrinseca
729 1274 883 1348 tempora
898 1271 931 1326 et
944 1265 1104 1345 adjuncta
1117 1287 1237 1350 suppe-

149 1356 257 1417 ditare
272 1352 398 1412 valent.

187 1439 248 1503 96.
270 1457 297 1497 1.
315 1434 365 1495 Ad
393 1452 496 1494 unum
521 1432 697 1495 Summum
725 1429 933 1508 Pontificem,
961 1450 1022 1493 seu
1045 1451 1237 1512 supremam
1321 1433 1424 1499 cainani

146 1517 321 1582 Ecclesiae
344 1515 596 1592 auctoritatem,
614 1513 759 1595 pertinet
782 1513 966 1574 dissolvere
990 1512 1138 1576 Ordinem
1161 1515 1237 1576 reli·
1291 1497 1449 1596 ww

149 1603 279 1682 giosum
305 1604 339 1660 et
363 1598 641 1680 Congregationem
656 1617 676 1658 a
693 1615 728 1658 se
745 1594 923 1676 probatam
947 1596 1001 1658 vel
1024 1597 1120 1678 cujus
1143 1617 1237 1660 reco·
1291 1606 1371 1656 nesta.

146 1683 301 1766 gnoverit
329 1678 610 1743 Constitutiones
635 1681 730 1759 (Arg.
758 1697 799 1739 ex
817 1677 854 1740 C.
872 1677 1024 1740 Conditac
1044 1701 1065 1740 a
1087 1677 1237 1759 Christo)

187 1789 217 1829 2.
250 1763 358 1848 Quod.
377 1764 419 1826 ad
457 1762 649 1825 dioecesanas
682 1760 962 1838 consociationes,
1004 1787 1017 1816 «
1050 1781 1136 1842 quae
1169 1784 1237 1826 una

147 1849 303 1911 inductae
330 1853 410 1909 sunt
433 1853 535 1926 atque
558 1845 674 1926 vigent
696 1841 893 1906 Antistitum
917 1863 1093 1910 sacrorum
1120 1853 1237 1908 aucto·

151 1930 278 1995 ritate¹
297 1949 337 1991 »t
1205 1954 1226 1986 ·.

186 2017 218 2093 a)
246 2012 282 2076 Si
312 2011 346 2074 in
373 2029 442 2070 una
472 2015 604 2072 tantum
633 2009 777 2072 dioecesi
807 2010 902 2072 sedes
927 2008 1120 2087 habuerint,
1138 2011 1237 2074 unius
1285 2007 1287 2014 '

147 2095 307 2179 Episcopi
323 2090 528 2155 auctoritate
540 2093 667 2154 aboleri
685 2093 810 2155 valent.

188 2179 222 2256 b)
238 2178 273 2241 Si
291 2195 374 2238 vero
390 2175 423 2236 in
440 2173 592 2255 pluribus
608 2175 733 2236 luerint
749 2181 968 2257 propagatae,
987 2193 1062 2235 cum
1077 2173 1237 2256 Episcopi

147 2260 221 2342 pari
236 2260 304 2322 sint
316 2259 408 2340 jure,
421 2259 543 2320 horum
556 2277 640 2339 opus
654 2265 705 2320 est
721 2276 889 2319 consensu
902 2257 935 2319 in
952 2275 1095 2336 quorum
1112 2255 1237 2318 luerint

148 2343 285 2404 ditione.
313 2339 506 2420 Singulares
533 2350 646 2404 tamen
674 2341 790 2403 domos
807 2341 841 2403 in
857 2359 919 2402 sua
936 2339 1076 2420 quisque
1092 2338 1235 2402 dioecesi

127 2487 130 2494 ,
149 2425 267 2486 tollere
283 2430 406 2505 potest.

189 2527 219 2584 3.
236 2505 471 2581 Nihilominus
500 2525 575 2567 cum
591 2505 770 2587 Episcopis
794 2524 861 2567 non
886 2511 1054 2588 competat
1077 2524 1236 2597 suprema

147 2589 203 2651 illa
228 2588 475 2651 administratio
504 2588 672 2650 bonor'um
701 2587 875 2650 Ecclesiae
903 2607 988 2668 quae
1019 2607 1154 2672 propria
1184 2597 1236 2651 est

146 2672 273 2736 Summi
290 2670 475 2747 PontificiS,
494 2690 548 2732 res
564 2669 746 2732 familiares
762 2671 921 2733 exstincti
936 2670 1082 2733 sodalitii
1100 2671 1235 2752 proprio

144 2755 302 2838 Episcopi
314 2754 390 2836 jure
409 2752 569 2816 constitui
587 2773 653 2815 non
672 2759 843 2835 poterunt,
858 2754 928 2831 scd,
943 2754 1006 2815 nisi
1019 2754 1172 2833 delegata
1185 2754 1234 2815 uti

144 2837 248 2919 possit
264 2835 481 2915 auctoritate,
503 2835 567 2927 erit
591 2837 632 2898 ad
650 2836 685 2898 S.
711 2835 830 2898 Sedem
847 2836 1103 2900 recurrendum.
1122 2837 1235 2918 Quare

143 2920 223 2981 Acta
247 2919 285 2982 C.
309 2919 470 2981 Antericac
485 2917 601 2980 latinae
617 2926 894 2995 commemorant,
917 2938 951 2982 n.
968 2940 1040 2998 322,
1059 2920 1233 2981 decretum

144 3002 180 3066 8.
199 3001 239 3065 C.
261 3002 376 3084 Episc.
394 3009 428 3062 et
443 3003 527 3082 Reg.
552 3021 618 3081 quo
644 3002 687 3063 ad
715 3001 916 3064 abolendum
933 3003 1129 3064 Institutum
1145 3002 1234 3063 dioe-

144 3104 304 3147 cesanum
327 3083 471 3164 exigitur
494 3084 740 3165 beneplacitum
763 3086 985 3164 apostolicum
1021 3110 1034 3139 ‹<
1068 3092 1234 3163 quatenus

146 3166 274 3229 scilicet
290 3166 324 3232 id
338 3165 483 3247 speciem
495 3166 642 3246 aliquam
655 3167 866 3230 alienationis
879 3167 1099 3248 praeseferat.
1121 3193 1133 3220 >›

188 3251 251 3315 97.
269 3250 441 3329 Quaeres,
460 3248 538 3329 quid
547 3250 645 3330 juriS,
662 3249 691 3310 si
708 3249 885 3312 dioecesana
908 3249 1100 3325 consociatio,
1115 3247 1233 3309 relicta
1306 3264 1446 3330 Deponun-

145 3329 289 3393 dioecesi
315 3330 467 3411 originis,
497 3332 529 3392 in
559 3331 690 3393 atteram
717 3330 878 3393 dioecesim
904 3331 1106 3414 commigrare
1134 3328 1233 3390 velit?
1286 3325 1446 3425 82⁰¹¹W2ss⁸

145 3413 232 3496 Quia
259 3433 365 3495 genus
393 3414 481 3476 istud
505 3414 649 3476 sodalitii
679 3433 747 3476 uno
777 3412 941 3476 sodalium
972 3431 1138 3475 consensu
1162 3413 1233 3474 tolli
1286 3393 1384 3484 inisti?
1404 3393 1447 3427 ’Μ’

145 3495 271 3576 nequit,
289 3496 433 3558 dioecesi
456 3516 538 3561 vero
554 3517 595 3566 ex
611 3497 808 3560 fundatione
825 3497 958 3559 videtur
974 3494 1163 3576 quaesitum
1175 3495 1232 3576 jus

145 3579 188 3639 ad
214 3579 285 3660 ejus
313 3579 508 3661 capiendam
535 3579 727 3660 utilitatem,
752 3579 987 3658 commigratio
1014 3580 1079 3641 ista
1105 3596 1172 3639 non
1195 3578 1233 3640 lit

144 3659 322 3741 legitime«
341 3661 404 3723 nisi
431 3664 664 3724 consentiente
691 3674 836 3742 utroque
861 3662 1041 3744 Episcopo,
1070 3675 1142 3723 tum
1168 3662 1233 3724 loci

143 3743 231 3804 unde
248 3742 398 3810 excedat.
417 3751 489 3806 tum
506 3744 570 3807 loci
587 3763 653 3824 quo
670 3744 750 3806 velit
767 3747 1002 3826 commigrare.
1023 3773 1036 3800 ›>

184 3825 328 3888 Perinde
350 3826 473 3889 dixeris
500 3828 540 3890 de
565 3847 658 3888 mera
668 3828 890 3908 propagatione
912 3827 1062 3890 Instanti.
1080 3827 1132 3906 (C.
1150 3826 1231 3889 Con·
1288 3838 1443 3903 Deitaspro-

145 3905 228 3969 ditae
251 3929 270 3970 a
294 3909 427 3978 Cnnsn,
448 3929 477 3972 c.
499 3931 525 3988 1,
544 3930 577 3972 n.
593 3913 640 3992 4.)
1283 3901 1419 3958 paganam.

185 3993 246 4056 98.
273 3993 443 4072 Quaeres
471 4012 532 4072 qna
558 3992 741 4054 anctoritate
757 3993 874 4054 matari
886 3993 1021 4054 valeant
1037 4000 1161 4054 natura
1176 3995 1231 4054 vel
1286 4004 1444 4076 oeniandi

145 4072 234 4153 leges
250 4074 402 4137 Instituti
418 4074 616 4137 dioecesani?
643 4075 693 4136 Ob
710 4074 817 4136 simile
836 4079 892 4156 jus
915 4075 1127 4153 acquisitum,
1146 4077 1229 4136 haec
1285 4062 1443 4113 mmmm·

143 4173 203 4235 per
218 4176 254 4218 se
278 4177 346 4221 non
371 4158 453 4220 fient
471 4158 535 4221 rite
562 4156 625 4219 nisi
641 4157 744 4220 salvis
756 4157 891 4240 juribus
907 4158 1072 4221 sodalium
1094 4165 1127 4218 et
1151 4176 1229 4219 con-
1281 4127 1350 4230 §12⁹⁵
1368 4123 1443 4169 [Μ’

145 4317 460 4330 ——.——.-

172 4385 222 4476 ¹⁶0.
235 4427 353 4476 Conditae
363 4443 378 4476 a
390 4428 498 4486 Christo,
513 4427 661 4476 Praelatio.
