3142 5004
118 446 300 530 [347-349]
384 413 387 419 ¹
534 457 670 496 uosrouss
685 455 848 494 oeussncas
1145 425 1205 506 ⁶20¹(

92 599 94 604 ’
151 607 240 664 349.
262 600 464 670 privilegia
478 599 671 660 desinuntz
972 595 975 598 '
1028 665 1033 678 ι
1275 607 1421 676 Prtvttaegto-

152 707 176 747 1.
192 685 379 765 Quandoque
394 691 488 740 morte
503 681 565 738 sive
579 674 758 739 cotteedentis
770 678 832 736 sive
839 667 1041 756 privilegiati,
1053 669 1078 726 si
1088 676 1204 730 constet
1262 672 1419 715 rumamono.

116 791 152 832 ea
165 771 255 829 fuisse
266 771 322 827 hoc
336 767 424 826 modo
438 765 660 838 circumscripta
667 780 675 833 ;

151 888 180 930 2.
195 863 487 938 Renttneintione,'si
506 865 654 937 integrum
674 861 711 918 sit
730 859 913 934 privilegiato
932 858 1068 917 abdicare
1084 857 1201 932 privile·

120 961 202 1034 glum
215 975 224 1029 ;

155 1074 182 1132 3.
199 1052 346 1123 Nonusn,
360 1053 479 1128 quando
490 1051 536 1110 vel
555 1051 630 1109 alter
648 1050 772 1125 positive
792 1047 1009 1122 praescripserit
1024 1046 1075 1123 jus
1094 1049 1212 1102 contra·¹

119 1143 207 1212 rium,
222 1141 269 1198 vel
292 1157 353 1197 non
367 1156 437 1195 usus
450 1135 557 1195 inierat
578 1136 700 1192 tacitam
723 1133 991 1192 renunciationem.
1015 1131 1114 1208 Quare
1133 1147 1210 1204 quae

120 1243 201 1284 mere
211 1233 281 1282 sunt
302 1225 424 1299 gratiae,
440 1230 472 1279 ut
482 1240 511 1280 v.
522 1239 565 1294 gr.
578 1219 703 1278 facultas
721 1219 889 1277 celebrandi
908 1227 978 1276 ante
994 1235 1143 1288 auroram,
1161 1215 1211 1272 vix'
1241 1226 1247 1239 '

120 1313 177 1369 hoc
192 1311 281 1368 modo
293 1308 443 1381 exstingui
459 1315 593 1380 possunt.
954 1313 956 1316 ·

156 1421 183 1476 4.
209 1398 324 1471 Abnsn,
351 1418 428 1475 quae
458 1417 555 1473 poena
581 1407 626 1456 est
652 1399 805 1472 postulans
832 1397 1005 1472 regulariter
1031 1397 1212 1456 sententiam

121 1489 228 1546 saitem
245 1486 490 1554 declaratoriam3

158 1601 184 1661 5.
199 1580 337 1644 Cessante
358 1579 507 1642 contrarie
528 1598 619 1641 contra
633 1577 737 1658 finali,
760 1581 779 1638 i.
804 1599 830 1639 e.
847 1581 966 1656 quando
981 1580 1126 1655 privilegii
1139 1597 1212 1637 usus

124 1669 218 1728 lactus
233 1678 277 1726 est
292 1666 430 1744 injustus,
445 1668 575 1740 iniquus,
593 1665 795 1740 perniciosus;
1296 1667 1416 1714 Nomina-

260 1765 265 1775 .
301 1764 306 1774 .
613 1758 618 1770 .
902 1759 907 1772 .
1269 1727 1312 1772 tim
1326 1724 1352 1771 de
1362 1737 1426 1772 revo-

158 1766 185 1822 6.
201 1764 384 1821 Potrssrnum
400 1781 469 1820 vero
487 1763 681 1833 revocatione,
697 1779 774 1836 quae
787 1764 834 1821 vel
847 1764 938 1822 incita
951 1771 995 1820 est
1005 1764 1051 1820 vel
1061 1765 1213 1842 expressa.
1267 1784 1360 1831 catione

160 1864 188 1940 a)
202 1861 249 1921 De
262 1858 363 1921 tacita.
378 1863 403 1938 a)
422 1858 487 1920 Lex
504 1857 653 1940 generalis
671 1861 793 1934 derogat
812 1861 965 1934 privilegio
985 1856 1117 1939 corporis
1130 1856 1215 1938 juris
1300 1867 1398 1922 Torua,

126 1955 274 2020 quatenus
291 1955 336 2003 est
357 1947 384 2002 ei
407 1946 574 2003 contraria:
606 1947 683 2002 inest
704 1946 786 2003 enim
809 1946 840 2003 in
863 1945 1036 2022 hujusmodi
1061 1944 1215 2018 privilegio

126 2041 233 2088 natura
245 2031 337 2104 legis3
358 2048 420 2087 non
440 2039 541 2088 autem
560 2026 702 2110 rescripto
714 2027 845 2110 speciali,
861 2030 940 2104 quod
955 2047 1015 2086 non
1029 2029 1215 2086 existimatur

128 2125 267 2184 Pontifici
279 2135 385 2184 notum
397 2143 405 2195 ;
419 2125 447 2201 β)
461 2126 619 2198 Privilegio
627 2122 764 2202 generali
773 2143 834 2182 non
845 2124 957 2182 tollitur
965 2118 1088 2202 speciale
1098 2130 1216 2179 contra·

128 2213 217 2282 rium,
232 2213 305 2269 dum
317 2207 439 2290 speciale
452 2211 573 2283 derogat
584 2206 721 2287 getnrali
730 2210 894 2279 contrario;
907 2210 935 2279 γ)
952 2207 1110 2280 Privilegio
1121 2207 1220 2284 postes

128 2294 208 2356 riore
223 2309 283 2354 non
297 2295 428 2354 aufertur
441 2296 535 2369 gratia
548 2295 706 2366 contraria,
721 2296 802 2368 prius
814 2310 967 2363 concessa,
984 2291 1041 2348 nisi
1055 2291 1165 2348 inserta
1179 2291 1217 2347 sit

128 2385 159 2439 in
173 2400 280 2456 corpus
298 2382 374 2459 juris
394 2381 441 2438 vel
464 2381 571 2438 diserte
595 2379 625 2437 in
644 2380 803 2454 posteriore
826 2377 945 2436 indulto
967 2385 1214 2436 commemorata.

129 2465 156 2523 T
159 2484 217 2524 unc
227 2467 308 2524 enim
320 2466 496 2540 apparetvel
503 2466 702 2539 praesumitur
711 2466 879 2540 ePrincipis
889 2474 990 2523 mente
1001 2483 1062 2523 non
1074 2464 1218 2523 excidisse

129 2568 161 2607 se
174 2552 209 2606 de
222 2551 318 2624 priore
331 2551 425 2624 gratia
439 2550 603 2608 detrahere.

165 2652 195 2728 b)
210 2647 258 2709 De
274 2652 418 2728 expressa.
433 2649 576 2710 Clausula
587 2653 742 2726 generalis,
758 2647 832 2712 Non
850 2648 1031 2713 obstantibus
1047 2647 1219 2732 privilegiis
1296 2645 1426 2704 Elium·

130 2731 369 2814 quibuscumque,
396 2754 457 2793 non
487 2735 584 2795 aufert
605 2739 757 2812 privilegia
779 2756 857 2812 quae
880 2738 1000 2812 speciali
1033 2747 1103 2795 sunt
1127 2738 1219 2810 digna

100 2819 103 2826 '
132 2822 295 2891 mentione,
319 2820 419 2894 qualia
438 2831 508 2879 sunt
522 2819 688 2901 privilegiu
706 2819 921 2901 Regnlnrintn.
942 2823 1026 2881 Haec
1045 2821 1220 2880 auferuntur

132 2905 267 2995 clausula
286 2923 345 2978 qua
358 2906 500 2964 addatur:
515 2904 622 2966 Etiam
639 2905 762 2986 speciali
778 2907 925 2969 mentione
942 2906 1054 2987 dignis,
1071 2903 1221 2966 ueletiam

132 2990 309 3046 meritorum
330 2984 443 3047 intuitu
457 2987 594 3049 concessis
607 3003 629 3048 1.
656 2991 742 3068 Quod
763 2994 787 3049 si
813 2995 876 3068 ipsa
898 2993 1042 3066 privilegii
1068 2992 1220 3051 concessio

134 3072 250 3128 munita
262 3070 351 3128 fuerit
363 3072 497 3130 clausula
510 3091 570 3147 qua
582 3075 696 3133 dicatur
711 3093 772 3133 non
786 3085 957 3134 revocatum
969 3076 1004 3132 iri
1018 3075 1075 3132 nisi
1088 3072 1123 3133 de
1135 3068 1221 3132 verbo

134 3151 308 3218 adverbum
330 3152 406 3212 lacta
426 3157 464 3213 sit
484 3156 549 3234 ejus
569 3161 691 3229 mentio,
707 3160 865 3233 requiritur
876 3159 1009 3217 clausula
1028 3160 1219 3235 hujusmodi:

50 3249 52 3254 ’
134 3235 630 3321 Nonobstnntibnsqnibnscntnqne
637 3241 808 3322 privilegiis
816 3239 1057 3322 sannacnniqnc
1066 3238 1222 3302 verborum

128 3321 237 3405 sorinn
249 3320 400 3403 conceptis.
415 3323 619 3398 Reiffenstuel,
637 3347 668 3386 n.
685 3343 746 3403 125.

170 3421 261 3498 Juvat
270 3431 371 3480 tamen
382 3441 418 3480 ex
429 3422 459 3482 S.
471 3422 637 3498 Alphonso,
649 3426 669 3484 l.
680 3443 706 3485 c.
718 3443 749 3484 n.
759 3425 802 3496 16,
814 3427 888 3484 haec
898 3425 1068 3484 observare:
1082 3447 1096 3478 «
1108 3422 1223 3482 Omnes

128 3505 284 3580 'praefatae
306 3507 499 3566 limitationes
521 3509 727 3583 intelliguntur
748 3510 849 3568 locum
873 3511 982 3568 habere
995 3511 1019 3567 si
1033 3527 1094 3567 non
1108 3515 1224 3567 constet

133 3592 171 3649 de
189 3593 336 3651 contraria
359 3602 460 3651 mente
483 3594 661 3667 derogantis,
686 3595 942 3669 quemadmodum
968 3612 1074 3652 omnes
1098 3591 1223 3668 praefati

134 3675 203 3734 DD.
227 3679 428 3736 communiter
449 3676 618 3750 affirmant;
641 3680 721 3737 unde
742 3681 766 3737 si
792 3680 823 3736 in
848 3680 913 3751 lege
934 3680 1117 3737 revocatoria
1144 3677 1223 3735 adsit

135 3761 285 3820 clausula²
295 3759 347 3822 Ex
358 3765 438 3824 certa
451 3760 585 3836 seientia·
601 3774 653 3821 aut
667 3759 718 3823 Ex
728 3765 809 3824 rnotn
814 3758 951 3845 proprie,
959 3773 1011 3821 aut
1020 3761 1068 3823 De
1072 3760 1226 3844 potestatis

131 3841 326 3923 plenitudine,
350 3859 421 3906 tunc
443 3860 598 3908 revocatur
619 3867 709 3908 omne
732 3849 919 3924 privilegium
943 3859 1223 3924 quantumcumque

136 3930 351 4005 qualificatum,
371 3935 501 4008 exceptis
524 3935 667 4007 onerosis,
691 3944 743 3993 aut
766 3935 886 4009 quando
906 3935 1054 3993 revocatio
1076 3935 1226 4012 praejudi-

166 4194 174 4229 1
186 4191 239 4241 His
249 4191 360 4254 quidem
370 4202 504 4262 repugnat
523 4197 683 4263 Hinschius,
699 4200 790 4258 System
808 4198 846 4245 des
857 4197 1017 4246 batliotischen
1027 4197 1052 4245 K
1055 4199 1224 4260 irchenrechts,

136 4259 219 4316 p3819
230 4260 256 4300 et
267 4259 332 4319 nota
343 4261 364 4309 3:
377 4254 435 4319 sed,
452 4269 479 4302 nr
495 4254 623 4313 fallimur,
635 4263 720 4304 tutius
731 4258 759 4305 in
768 4258 820 4306 hac
828 4271 858 4304 re
867 4257 1050 4316 astipulamur
1061 4256 1224 4315 probatissi-

137 4323 190 4358 mis
200 4309 359 4376 doctoribus
374 4326 402 4359 m
418 4311 554 4377 catholico
562 4314 623 4372 jure
637 4315 754 4362 maxime
769 4314 896 4372 assiduis,
914 4327 997 4375 quam
1008 4314 1059 4362 viri
1073 4317 1223 4366 acatholici

138 4366 313 4417 affirmationi
329 4370 404 4418 nullo
419 4377 537 4430 stipatae
553 4378 712 4432 argumento
727 4373 855 4432 positivo.

170 4452 325 4516 2Apposita
336 4449 442 4501 scilicet
453 4449 488 4500 ad
498 4449 712 4499 revocationem.
727 4447 783 4498 Cir.
798 4451 958 4504 Salmantic.
970 4457 988 4504 l.
1001 4473 1025 4507 c.
1038 4473 1065 4506 n.
1078 4478 1114 4518 42·
