3148 5004
131 459 321 549 [Mo-2121»
411 519 417 534 ,
445 489 636 527 rnorrrssronrs
652 490 814 527 RssLtGIOSAE
829 491 944 527 urruns
1162 469 1221 530 ΗΠ

168 615 253 678 imni}
277 622 369 680 etiam
390 622 507 681 obstare
530 622 646 681 videtur
667 622 760 680 valori
784 621 975 696 professionis
997 639 1075 696 quae
1093 591 1230 682 fiat'srrh

131 699 302 764 condicione
319 701 354 764 dr
365 702 487 784 frrtrrro,
502 707 593 764 modo
615 707 689 765 haec
708 724 769 764 non
789 716 936 781 repugnet
958 707 1152 778 substantiae,
1176 716 1223 764 ut·

132 799 205 861 puta
214 789 360 870 essent-iae
370 791 551 864 paupertatis
561 791 608 848 vel
619 791 810 865 perpetuitati
820 791 882 848 voti
892 791 1058 850 sollemnis.
1069 790 1222 849 Schmalz·

132 871 258 945 grueber
271 873 300 931 h.
316 884 337 932 t.
354 893 385 932 n.
402 875 452 933 181
459 890 468 945 ;
483 873 688 946 Reiffenstuel,
707 889 769 950 175.
1218 877 1220 881 ‘

176 991 207 1032 2.
221 969 319 1053 Quod
334 974 377 1035 ad
390 972 506 1035 ritum:
522 974 553 1050 a)
570 971 713 1055 Oportet
729 977 767 1034 ut
783 992 863 1034 suas
877 970 1017 1054 quisque
1032 972 1222 1040 consideret

135 1051 404 1117 Constitutiones
420 1063 522 1136 atque
538 1075 620 1117 usus
636 1055 811 1136 probatos.

175 1136 209 1213 b)
235 1136 358 1200 Perse
381 1158 448 1200 non
471 1137 655 1218 requiritur
680 1143 719 1200 ut
740 1137 852 1218 scripta
880 1136 1014 1222 legatur.
1043 1137 1079 1200 Si
1109 1143 1222 1200 tamen

134 1220 376 1282 monasterium
403 1220 464 1282 sub
488 1222 564 1302 jure
599 1219 700 1282 fuerit
729 1219 910 1283 Clementis
943 1237 1016 1289 v111.
1050 1219 1232 1302 professus

136 1299 233 1362 debet
263 1302 295 1364 in
322 1302 457 1380 tabuliS,
491 1302 605 1365 Const.
624 1303 762 1366 Crrmad
783 1301 968 1386 regolarem,
998 1303 1015 1384 ἕ
1045 1321 1096 1383 35,
1127 1321 1223 1379 prae·

136 1383 281 1467 scriptis.
305 1405 419 1448 coram
442 1386 585 1448 testibus
608 1405 703 1448 suam
725 1384 966 1468 professionem
996 1384 1229 1464 subscribere,·

136 1467 201 1543 vel,
219 1466 246 1528 si
263 1467 453 1545 illiteratus,
472 1488 573 1531 cruce
587 1467 780 1546 obsignare.
1156 1487 1160 1494 ’

176 1550 208 1625 c)
222 1549 352 1612 Si'vero
360 1551 464 1613 velint
475 1552 587 1613 facere
599 1549 842 1632 professionem
853 1550 932 1612 inter
943 1551 1085 1627 Missam,
1102 1550 1137 1614 S.
1152 1550 1221 1614 Rit.

136 1629 176 1694 C.
194 1631 342 1695 Decreto
365 1635 514 1712 generali
541 1653 633 1714 14·27
657 1652 736 1713 aug.
767 1639 857 1714 1894,
885 1653 951 1713 quo
978 1633 1116 1695 decreta
1143 1652 1223 1695 con·

137 1712 244 1776 traria
263 1722 349 1778 sunt
374 1716 552 1797 abrogata,
577 1715 732 1778 omnihus
755 1714 923 1778 Institutis
946 1715 1063 1778 ¹-hanc
1086 1715 1223 1778 indulsit

136 1798 331 1860 methodum
346 1798 526 1862 Societatis
537 1799 618 1882 Jesu
635 1820 641 1860 :
662 1823 675 1852 c
696 1796 878 1860 Celebrans
894 1798 1126 1880 profitentium
1141 1806 1223 1862 vota

134 1887 349 1961 excepturus,
368 1888 502 1963 sumpto
518 1880 605 1944 SS¹¹¹⁰
619 1879 857 1944 Eucharistiae
873 1887 1100 1958 sacramento,
1123 1881 1223 1943 abso-

136 1962 208 2025 luta
230 1962 440 2027 confessione
467 1984 507 2026 ac
534 1962 646 2025 verbis
671 1981 758 2042 quae
784 1970 864 2024 ante
893 1961 1040 2024 fidelium
1071 1982 1224 2026 commu·

137 2044 270 2107 nionem
285 2045 349 2108 dici
361 2047 480 2115 solent,
500 2045 536 2109 S.
550 2046 707 2108 Hostiam
719 2065 822 2107 manu
838 2052 956 2108 tenens
970 2045 1013 2107 ad
1026 2045 1223 2129 profitentes

136 2146 211 2190 sese
235 2135 431 2193 convertet:
459 2130 493 2192 hi
519 2140 602 2191 vero
628 2127 749 2208 singuli
771 2128 842 2190 alta
864 2147 948 2191 voce
982 2127 1223 2210 professionem

135 2229 233 2273 suam
261 2213 385 2291 legent,
414 2231 454 2273 ac
479 2217 658 2292 postquam
681 2209 821 2290 quisque
843 2210 963 2292 legerit
981 2210 1096 2272 statim
1113 2208 1225 2272 SS¹¹²¹¹¹²¹

136 2293 379 2356 Eucharistiae
395 2303 648 2356 sacramentum
664 2303 786 2356 sumet.
806 2320 820 2348 »

171 2395 299 2456 Minime
312 2408 414 2457 tamen
436 2395 512 2457 alter
524 2398 694 2472 prohibetur
705 2393 794 2467 ritm,
812 2414 902 2471 quem
917 2395 1059 2469 probatae
1073 2393 1225 2454 Constitu·

135 2478 231 2537 tiones
252 2482 298 2538 vel
320 2483 551 2546 consuetudines
574 2481 823 2556 praescripserint,
838 2480 901 2538 sive
923 2481 1008 2538 extra
1030 2475 1168 2548 Missam,
1192 2489 1225 2537 ut

136 2562 224 2635 plane
244 2575 370 2638 constat,
396 2568 459 2625 sive
480 2568 582 2638 etiam,
599 2575 632 2624 ut
644 2567 805 2641 opinamur
827 2575 931 2623 contra
943 2559 1093 2625 Moniiore
1106 2573 1127 2634 ²,
1142 2561 1226 2626 intra

136 2642 274 2719 Missam,
307 2651 363 2708 nisi
395 2652 579 2726 nuncupatio
605 2650 740 2709 facienda
766 2659 913 2707 statuatur
936 2665 1042 2710 coram
1066 2643 1226 2710 celebrante

134 2725 170 2788 S.
192 2728 336 2794 Hostiam
360 2752 456 2795 mamr
480 2738 598 2796 terrente.
613 2734 647 2794 Id
665 2736 799 2794 eruimus
818 2753 855 2792 ex
872 2752 961 2792 rescr.
984 2733 1015 2796 S.
1044 2734 1105 2792 Rit.
1130 2733 1223 2794 Conc.

137 2815 232 2891 5jun.
249 2819 319 2894 1896
331 2829 352 2877 ³.

179 2915 269 2979 212.
292 2916 459 2979 Admissio
480 2918 545 2979 ista
569 2917 744 2980 referenda
767 2923 818 2978 est
842 2915 883 2978 ad
907 2921 1110 2995 potestatem
1132 2932 1235 2980 com-v

137 2995 294 3058 munitati
318 2999 522 3076 interiorem,
548 3019 654 3079 neque
678 2999 779 3078 exigit
801 2997 1084 3080 jurisdictionem.
1110 2997 1224 3078 Quare

135 3077 223 3218 {iaec
245 3086 297 3138 est
321 3079 495 3159 provincia
519 3081 691 3160 Superioris
712 3080 867 3162 regularis
884 3087 984 3162 atque
1004 3081 1105 3142 etiam
1121 3078 1224 3142 Atta-

150 3176 242 3220 issae.

179 3240 285 3304 Estne
300 3247 414 3304 aulem
430 3242 528 3303 unius
549 3243 740 3324 Superioris
756 3263 800 3305 an
824 3243 1017 3324 Superioris
1034 3262 1110 3304 cum
1135 3244 1224 3323 capi-

139 3323 236 3386 tulo:
267 3344 322 3386 res
348 3323 534 3386 definienda
563 3336 614 3386 est
643 3345 685 3387 ex
714 3325 980 3407 uniuscujusque
1010 3323 1147 3386 Ordinis
1171 3325 1224 3388 vel

136 3404 420 3488 Congregationis
432 3407 582 3486 statutiS,
596 3408 783 3490 privilegiis
799 3414 901 3488 atquc
919 3406 1046 3470 usibus

179 3489 275 3552 Haec
293 3497 472 3572 praeterea
486 3490 563 3552 addi
579 3500 719 3573 possunt
737 3514 743 3553 :

174 3610 199 3652 r.
214 3591 304 3674 Quod
315 3591 358 3654 nd
369 3591 543 3673 Religionis
546 3597 645 3674 presse
654 3593 759 3667 dictos,
779 3597 809 3673 a)
820 3593 855 3653 In
869 3595 972 3654 ordine
984 3590 1123 3652 virorum
1136 3603 1226 3670 atque

135 3679 220 3736 extra
232 3674 367 3750 Italiam,
383 3681 503 3753 dempta
516 3679 663 3738 Societate
671 3681 754 3756 Jesu,
765 3681 803 3738 ad
812 3675 977 3760 simplicem
990 3679 1073 3736 illam
1085 3677 1226 3753 professio

135 3779 206 3818 nem
215 3780 293 3836 quae
305 3763 386 3837 prius
395 3773 440 3820 est
451 3761 595 3832 facienda,
609 3780 686 3837 opus
695 3773 749 3835 est,
762 3773 876 3838 praeter
888 3779 1045 3822 assensum
1061 3761 1235 3836 Superioris

135 3847 288 3919 regularis,
304 3845 445 3920 suffragio
465 3847 588 3924 majoris
601 3849 693 3921 partis
704 3848 837 3922 capituli.
852 3847 900 3906 Ad
912 3843 1082 3906 soliemnem
1096 3866 1177 3918 vero,
1189 3865 1228 3906 ex

132 3932 252 3990 decreto
262 3931 293 3990 S.
305 3933 339 3992 C.
351 3951 439 4007 super
458 3943 535 3990 statu
549 3933 657 4006 Regul.
671 3932 760 4008 7feb.
774 3933 844 3991 1862
858 3933 898 3990 ad
911 3949 940 4006 3,
958 3955 971 3984 e
984 3931 1091 3989 Audiri
1105 3932 1226 4005 quidem

132 4017 222 4074 debet
236 4017 400 4090 capitulum
413 4019 611 4075 conventuale
621 4018 659 4075 ad
669 4018 898 4076 instructionem
910 4017 1005 4074 animi
1014 4015 1207 4090 Superiorum
1215 4033 1225 4086 ;

134 4101 261 4158 minime
272 4117 369 4158 veroa
383 4100 540 4175 Superiore
554 4104 687 4176 generali
698 4104 745 4160 vel
757 4103 795 4160 ab
806 4103 871 4180 ejus
881 4101 1073 4174 subdelegato
1087 4101 1227 4158 standum

180 4287 311 4340 Monitore,
324 4300 406 4343 vr112,
419 4301 445 4346 p.
457 4294 506 4352 175.
526 4287 563 4335 Ut
573 4301 606 4335 ex
624 4291 751 4335 contexta
770 4287 896 4336 oratione
914 4285 982 4334 satis
1000 4289 1123 4344 apparet.
1142 4285 1227 4334 verba

129 4345 252 4392 sollemnis
259 4345 374 4404 professio
385 4359 456 4405 quae
467 4359 495 4392 rn
508 4345 624 4392 Decreto
634 4354 785 4393 occurrunt
797 4345 976 4405 intelligenda
987 4352 1050 4391 sunt
1063 4342 1097 4390 de
1109 4347 1227 4408 exteriora

132 4403 324 4458 sollemnitate,
337 4416 392 4449 non
400 4403 433 4450 de
441 4401 615 4450 substantiali
627 4417 682 4463 qua
693 4411 757 4449 vota
772 4404 915 4451 sollemnia
931 4409 1111 4450 secernuntur
1128 4414 1146 4450 a
1161 4415 1224 4450 sim·

130 4458 263 4519 plicibus.
274 4486 302 4495 -
312 4463 322 4497 ²
332 4461 461 4518 Monurrr,
476 4475 513 4516 rx,
526 4478 548 4516 2,
561 4475 588 4520 p.
601 4469 652 4511 262.
666 4487 694 4497 -·
704 4463 714 4497 3
724 4461 856 4519 Meritore,
869 4460 939 4509 ibid.
953 4475 980 4519 p.
994 4475 1031 4518 97.

1310 628 1442 678 Vetcorrdi-

1281 689 1388 739 cirrata.

1282 989 1320 1038 Dr
1327 991 1385 1038 ritu.

1301 1155 1343 1202 An
1352 1157 1442 1216 scripta

1282 1211 1384 1272 legenda.

1312 2926 1431 2976 Admittit

1233 3018 1235 3022 ψ
1284 2987 1319 3036 Su
1344 2987 1397 3033 rr'rr
1410 2983 1444 3032 vel

1284 3045 1306 3092 A
1324 3045 1425 3092 totissa.

1318 3259 1441 3308 Interdum

1277 3316 1446 3378 cumrapr'trdo:

1316 3623 1362 3676 Jus
1372 3621 1446 3670 Ordi-

1286 3695 1341 3728 nrm
1351 3679 1446 3738 religio-

1285 3752 1365 3785 sorum
1382 3739 1447 3786 viro·

1286 3810 1338 3843 rum
1348 3809 1354 3844 :

1302 3879 1445 3927 Extralta·

1283 3936 1354 3995 itam,
