3138 5014
155 1581 256 1630 Summe

127 1637 271 1686 decreturum

126 1695 153 1743 de
170 1697 269 1745 Missis.

120 1987 284 2107 stitit

146 2572 183 2619 De
192 2573 282 2620 Missis

122 2629 280 2681 manualibus.

151 3071 188 3118 De
198 3073 282 3121 iuuetur

122 3134 142 3176 ei
153 3129 233 3180 libris.

139 3475 176 3522 De
186 3478 281 3523 ratione

123 3532 249 3590 reddenda,

120 3591 245 3649 eui'gcnda.

120 3673 158 3721 De
173 3674 280 3722 oneribus

120 3737 262 3793 praeruper-

120 3793 183 3838 seint.

342 411 402 475 266
714 434 780 470 sins
796 434 888 470 seiri.
906 399 1032 472 cucurri

342 569 512 652 passivam
551 570 678 634 habere
706 573 854 650 valeant,
891 572 1116 656 subscriptam
1145 580 1179 636 et
1204 574 1354 657 juratam
1385 573 1428 636 ab

343 653 498 716 omnibus
523 654 764 718 Sacerdotibus
787 673 868 718 suae
892 655 1020 718 Domus
1043 656 1201 720 exhibere
1227 657 1337 734 fidem,
1362 675 1427 736 qua

342 741 511 798 testentur
541 738 699 800 oneribus
725 739 905 801 Missurum
932 739 1101 820 perpetuis
1128 740 1182 802 vel
1214 739 1427 802 manualibus

342 838 415 881 csse
432 818 495 882 rite
519 819 742 889 satisfactum,
761 821 826 900 vel,
844 821 871 884 si
888 821 966 902 quid
983 822 1079 900 desit,
1099 841 1197 903 posse
1213 822 1300 884 infra
1325 820 1426 889 breve

341 908 472 983 tempus
485 902 619 984 reliquis
631 902 704 966 istis
717 903 839 983 Missis,
859 903 1014 967 distincte
1037 905 1232 984 referendis,
1257 904 1424 970 satisfieri.

342 985 381 1049 C.
397 986 515 1066 Nuper,
534 985 797 1052 innocentiixii.

380 1090 411 1150 4.
438 1068 504 1212 Ipsi
527 1069 769 1149 Provinciales,
786 1067 913 1133 Vicarii
935 1089 995 1132 seu
1011 1069 1215 1133 Visitatores
1231 1069 1426 1134 Provincia·

341 1168 416 1212 rum
467 1151 577 1230 ebent,
609 1151 642 1214 in
680 1151 745 1214 fine
781 1151 833 1214 sui
862 1151 1044 1233 regiminis,
1063 1153 1240 1236 Superiori
1276 1155 1426 1232 generali

341 1233 573 1299 demonstrare
589 1253 636 1312 se,
654 1235 742 1315 quod
758 1241 888 1316 spectat
910 1236 952 1298 ad
975 1237 1111 1298 decreta
1135 1237 1176 1298 de
1199 1235 1426 1299 celebratione

341 1316 533 1388 Missarum,
552 1317 668 1380 fecisse
684 1325 846 1398 quantum
862 1325 935 1380 erat
951 1317 1030 1401 ipsis
1046 1319 1080 1380 in
1099 1318 1152 1382 his
1169 1318 1313 1380 decretis
1329 1339 1426 1402 prae·

342 1404 487 1481 ceptum.
515 1399 574 1462 Sin
595 1400 720 1467 minus.
751 1401 793 1462 ad
819 1420 937 1464 vocem
966 1402 1113 1464 activam
1140 1408 1173 1464 et
1196 1400 1366 1484 passivam
1392 1401 1425 1465 in
1449 1408 1451 1412 '

341 1480 504 1563 Capitulis
520 1482 733 1564 generalibus
750 1502 817 1545 non
832 1491 912 1545 sunt
928 1483 1139 1548 admittendi.
1157 1483 1196 1546 C.
1213 1485 1330 1565 Nuper.

381 1566 470 1630 446.
489 1569 540 1628 De
556 1567 749 1629 Missurum
766 1567 957 1644 stipendiis
972 1577 1008 1628 et
1029 1568 1276 1629 celebratione.
1296 1565 1426 1629 Curare

340 1645 461 1710 debent
484 1648 630 1710 Praelati
654 1653 691 1712 ut
714 1649 939 1712 observentur
962 1648 1099 1712 decreta
1126 1669 1211 1730 quae
1233 1649 1274 1712 de
1299 1649 1364 1712 hac
1388 1670 1425 1713 re

340 1737 418 1791 sunt
434 1731 515 1809 lata,
532 1733 732 1814 praesertim
747 1731 783 1795 C.
797 1733 917 1812 Nuper,
935 1732 1122 1795 Innocentii
1137 1749 1185 1795 xii
1201 1737 1235 1794 et
1251 1732 1425 1796 decretum
1559 1769 1560 1772 =

343 1810 497 1895 Vigiiuuti
510 1813 624 1893 studio,
638 1833 676 1894 25
691 1814 769 1876 maii
785 1820 874 1894 1893,
889 1816 924 1878 S.
940 1814 1066 1896 Congr.
1080 1814 1232 1878 Concilii.
1247 1815 1294 1879 Ut
1309 1815 1423 1899 paucis
1492 1873 1495 1878 .

338 1895 521 1978 praecipua
538 1898 822 1981 complectamur:

383 2000 411 2043 1.
426 1978 537 2042 Onera
544 1984 689 2061 perpetuu
700 1979 813 2062 suscipi
827 1986 997 2062 nequeunt
1012 1978 1075 2043 nisi
1091 2000 1132 2043 ex
1147 1979 1284 2065 licentia
1298 1978 1425 2061 scripta

339 2060 514 2125 Generalis
535 2065 589 2141 uel
616 2063 850 2143 Prouincialis,
875 2064 996 2144 quibus
1023 2063 1118 2145 prius
1147 2069 1305 2126 constare
1327 2062 1426 2127 debet

338 2145 532 2208 sacerdotes
541 2145 708 2228 obligatae
717 2147 836 2210 domus
849 2146 1008 2210 oneribus
1021 2145 1095 2210 istis
1103 2145 1299 2208 satisfacere
1311 2164 1422 2227 posse.

372 2250 403 2292 2.
437 2229 618 2292 Revocatis
647 2229 801 2293 omnibus
830 2229 1012 2314 privilegiis
1037 2229 1228 2308 contrariis
1253 2235 1424 2308 nequeunt

337 2311 486 2374 Praelati
497 2314 551 2375 vel
564 2311 730 2394 Capitula,
744 2312 870 2394 absque
881 2313 981 2376 venia
996 2312 1031 2376 S.
1042 2312 1150 2390 Sedis,
1164 2330 1270 2375 onera
1284 2309 1425 2373 reducere

336 2395 391 2456 vel
414 2400 556 2473 mutare,
585 2404 644 2457 aut
673 2396 784 2458 sinere
810 2404 847 2458 ut
880 2396 1026 2459 minores
1060 2395 1272 2458 celebrentur
1297 2393 1423 2456 ¹Missae

337 2495 436 2556 quam
452 2477 531 2540 data
543 2484 622 2540 sunt
634 2478 798 2561 stipendia
815 2477 877 2540 ctsi
893 2479 1092 2558 incongrua.

377 2581 408 2639 3.
424 2560 671 2641 Eleemosynae
693 2561 851 2623 manuales
872 2561 979 2644 accipi
995 2565 1167 2638 vetantur,
1185 2558 1313 2640 quibus,
1329 2555 1421 2618 intra

337 2640 483 2704 debitum
500 2649 643 2724 tempus,
668 2642 824 2706 satisfieri
840 2663 907 2706 non
923 2644 1042 2726 possit.

376 2748 407 2808 4.
422 2723 457 2787 Si
479 2724 664 2806 Regulares
683 2737 747 2808 'per
769 2725 851 2790 alios
878 2727 1071 2790 sacerdotes
1093 2727 1103 2755 1
1122 2723 1344 2803 satisfaciant,
1369 2721 1423 2786 his

336 2825 432 2869 omne
448 2805 648 2889 stipendium
666 2809 865 2872 tradendum
881 2817 943 2888 est,
963 2811 1054 2872 nulla
1070 2814 1204 2872 retenta
1219 2815 1328 2891 parte.

377 2909 408 2970 5.
425 2891 521 2973 Quod
547 2893 589 2954 ad
614 2891 678 2954 uiuu
701 2891 856 2974 stipendii,
887 2894 1009 2956 debent
1031 2892 1217 2973 Regulares
1240 2891 1423 2953 observare

338 2969 576 3036 indicationem
601 2975 810 3056 synodalem.
883 3013 887 3019 -
1284 2996 1287 3004 ·

379 3061 409 3120 6.
425 3057 463 3119 In
478 3059 553 3120 loco
568 3057 675 3139 magis
698 3057 826 3140 patenti
842 3063 875 3120 et
897 3057 999 3121 obvio
1020 3056 1216 3142 exponenda
1232 3060 1284 3118 est
1299 3054 1423 3118 tabella

336 3158 476 3202 onerum
493 3145 732 3222 perpetuorum
749 3149 781 3204 et
798 3141 1045 3223 temporalium.
1428 3199 1431 3203 .

378 3241 407 3304 7.
440 3224 516 3286 Duo
546 3223 580 3287 in
605 3223 756 3287 sacrario
786 3223 982 3287 conficiendi
1014 3227 1093 3284 sunt
1122 3220 1218 3284 libri:
1250 3219 1283 3283 in
1315 3220 1422 3282 altero

336 3305 573 3370 describuntur
585 3326 689 3370 onera
698 3314 860 3389 perpetua
872 3313 905 3368 et
918 3305 1126 3388 temporalia,
1137 3304 1169 3366 in
1182 3302 1431 3366 alteroMissae

337 3391 521 3469 manuales,
539 3395 572 3452 et
588 3397 658 3452 tam
673 3390 922 3470 illorum‘quam
940 3388 1083 3451 istarum
1100 3386 1260 3469 impleti0,
1278 3393 1344 3449 etc.

376 3479 407 3536 8.
424 3473 524 3535 Ratio
540 3473 580 3534 de
596 3472 668 3535 istis
685 3472 944 3554 obligationibus
965 3469 1132 3535 Praelatis
1160 3469 1328 3534 reddenda
1354 3472 1419 3544 est,

335 3559 369 3618 et
382 3555 424 3616 ab
441 3555 519 3636 ipsis
536 3554 710 3635 exigenda.

376 3660 406 3717 9.
424 3639 530 3721 Quae,
549 3636 582 3699 in
599 3638 663 3700 fine
680 3637 857 3720 cujuslibet
873 3637 965 3715 anni,
983 3656 1092 3699 onera
1109 3633 1233 3698 fuerint
1249 3631 1379 3712 reliqua
1395 3633 1419 3711 ²,

335 3720 499 3782 tradenda
528 3725 607 3782 sunt
636 3721 780 3804 propriis
807 3720 1003 3789 Ordinariis,
1024 3719 1208 3782 secundum
1226 3714 1361 3778 modum
1377 3715 1421 3777 ab

334 3802 414 3885 ipsis
441 3802 678 3866 definiendum.
706 3803 761 3867 Sic
787 3804 926 3886 jubetur
955 3805 1093 3864 decreto
1125 3798 1279 3883 Vigiluutu'
1304 3796 1420 3861 studio·

363 4063 369 4098 ¹
382 4062 473 4109 Perse
488 4066 552 4110 sunt
569 4060 666 4110 Ordini
682 4059 816 4108 servanda
832 4057 969 4119 stipendia
985 4071 1055 4118 quae
1067 4052 1251 4118 Regiilaribus
1267 4055 1331 4100 sunt
1347 4064 1419 4100 com·

334 4119 426 4168 missa.
441 4119 497 4169 Cir.
510 4121 641 4176 Menum,
653 4133 679 4177 x,
693 4137 714 4176 i,
728 4133 754 4177 p.
769 4136 818 4176 140.

360 4196 370 4229 ²
381 4193 413 4240 Id
424 4197 463 4241 est
474 4206 545 4253 quae
555 4189 694 4251 superflua
705 4189 772 4248 ipsis
787 4194 859 4254 sunt,
873 4186 975 4248 quibus
988 4201 1044 4252 non
1055 4184 1161 4252 possint
1169 4181 1316 4249 commode
1327 4195 1376 4248 per
1392 4196 1421 4230 se

331 4249 405 4310 ipsos
416 4251 488 4299 intra
503 4249 654 4311 legitimum
670 4254 777 4306 tempus
792 4246 959 4294 satisfacere.
974 4247 1055 4293 Finis
1077 4240 1224 4302 cujuslibet
1234 4255 1299 4289 anni
1311 4240 1421 4288 videtur

330 4323 388 4357 esse
406 4309 451 4357 die
469 4317 494 4356 31
508 4306 668 4357 decembris.
682 4308 751 4356 Sunt
763 4311 854 4353 tamen
865 4303 911 4369 qui
924 4303 1080 4369 intelligunt
1091 4302 1125 4350 de
1136 4314 1209 4368 anno
1220 4299 1266 4360 qui
1279 4313 1296 4346 a
1307 4297 1352 4366 die
1364 4310 1419 4364 quo

330 4367 437 4427 singula
447 4381 531 4415 onera
548 4371 611 4414 sunt
629 4369 756 4424 suscepta
775 4361 877 4412 habeat
894 4369 1012 4411 initium.
1031 4360 1087 4409 Cir.
1104 4359 1228 4406 Muuuture
1238 4357 1418 4412 Ecclesiastico,

331 4437 390 4482 viii,
404 4442 425 4483 1,
438 4439 465 4485 p.
480 4433 529 4474 162.
