3142 5004
327 373 386 436 168
614 399 681 433 rans
697 397 817 445 punam.
835 398 930 434 secero
945 399 985 434 ru.
1003 399 1093 434 curua
1110 399 1129 434 rr

359 534 398 587 lle
411 533 538 604 justitia,
556 535 617 592 otc..
634 535 652 588 l.
665 535 688 597 2,
701 549 724 587 o.
737 537 777 598 41,
795 549 822 588 n.
841 535 934 598 76-78;
953 549 976 588 o.
989 536 1029 596 46,
1042 549 1068 588 n.
1082 536 1114 588 22
1126 547 1203 604 sqq.;
1222 536 1417 600 Pellizarius,

359 615 490 680 Munrrnle
503 615 685 682 reputer-rum,
697 613 731 667 tr.
743 616 766 677 4,
780 616 829 667 c.4
840 626 847 678 ;
859 615 899 668 Du
916 614 1093 678 Martialibus,
1107 630 1130 668 c.
1142 618 1166 679 4,
1179 631 1201 669 s.
1214 617 1242 680 3;
1259 617 1416 685 Rotarius,

363 695 452 750 Tbeol.
467 711 536 750 trior.
550 696 636 762 rapui.
650 696 669 747 t.
681 695 705 756 2,
717 695 734 770 l.
747 695 771 750 2.
784 709 807 747 c.
821 697 843 747 l.
861 694 894 758 2;
910 691 1207 764 Solimalzprueber,
1226 697 1256 749 in
1268 695 1286 748 l.
1299 698 1315 749 3
1336 696 1416 751 Deer.

361 777 379 829 t.
392 777 432 838 35,
444 790 471 829 n.
483 777 572 840 53-833
584 776 740 836 Solimier,
750 773 981 841 Jurisprurlentln
992 773 1239 838 curcurim-civilis,
1251 775 1268 828 l.
1282 776 1306 837 3,
1316 789 1341 842 p.
1352 775 1416 832 289:

360 855 471 915 Bouix,
484 855 523 908 lle
530 853 597 920 jure
609 852 792 920 renuuntur,
805 851 823 905 t.
838 853 859 915 1,
873 867 897 919 p.
912 854 934 912 l,
947 867 968 904 s.
981 853 1005 914 3,
1018 867 1040 905 c.
1052 853 1076 914 4,
1089 866 1114 921 p.
1129 855 1176 907 108
1189 867 1269 924 sqq.;¹
1287 855 1306 908 t.
1320 855 1343 918 2,
1355 869 1381 923 p.
1394 855 1418 918 6,

361 948 382 986 e.
397 936 419 996 1,
429 949 452 986 c.
465 935 488 995 3,
501 947 526 1000 p.
538 931 663 995 4‘25-452;
677 945 698 984 a.
712 933 735 994 5,
749 945 773 984 c.
786 932 810 991 3,
822 931 987 1002 p.¹567·571;
1004 929 1108 999 Melet,
1127 932 1166 986 lle
1180 933 1340 999 Ordinibus,
1356 933 1418 996 etc,

333 1007 335 1012 '
360 1012 672 1078 n.41-55;Palmr'er1‘,
691 1011 764 1078 opus
784 1010 974 1077 lleolopicum,
992 1009 1026 1062 tr.
1044 1012 1068 1072 9,
1082 1025 1104 1062 o.
1120 1013 1141 1073 l,
1153 1025 1180 1064 n.
1196 1013 1320 1076 163-189;
1338 1013 1416 1079 Piat,

362 1091 563 1148 Prueleclioues
577 1089 653 1157 juris
671 1089 759 1156 repul.
779 1100 797 1151 1,
808 1102 834 1156 p.
847 1088 973 1152 283-2953
989 1089 1130 1158 Angelus
1141 1104 1160 1144 a
1171 1090 1222 1146 SS.
1238 1091 1346 1155 Corde,
1358 1091 1417 1148 Mu-

363 1172 453 1235 ltitudo,
466 1171 528 1234 cle,
541 1183 559 1234 1,
571 1183 597 1237 p.
610 1169 735 1232 236-267„

330 1313 356 1377 Ι.
391 1316 443 1375 De
460 1315 557 1376 varia
579 1313 769 1374 honestate
796 1311 1029 1373 Obedientiae
1052 1331 1093 1372 ex
1117 1313 1251 1374 virtute
1274 1322 1310 1374 et
1331 1324 1416 1376 voto

150 1479 231 1546 varra·
371 1473 460 1539 287.
478 1468 687 1545 Obedientia,
701 1465 831 1547 quaein
847 1457 1023 1530 reuicersnm
1038 1467 1117 1530 dicit
1132 1466 1416 1548 obtemperationem
1447 1519 1450 1524 ,

116 1535 258 1641 mmm
330 1556 458 1621 alterins
473 1551 664 1634 sigrufieetae
679 1548 842 1628 uolrrnlati,
864 1548 1086 1633 distinguitur:
1287 1630 1288 1634 Ἰ

134 1631 276 1724 urcissarra
375 1663 403 1703 r.
427 1635 606 1702 Necessarie
628 1634 682 1696 vel
699 1631 846 1714 perfecta,
871 1633 969 1714 idque
991 1634 1062 1696 sive
1077 1653 1118 1696 ex
1140 1632 1253 1714 objecto
1279 1633 1349 1697 sive
1378 1656 1420 1701 ex

118 1733 271 1794 calpurnia:
332 1724 463 1786 ratione
479 1716 623 1799 obsequii.

129 1817 170 1866 Ex
181 1817 275 1874 objicio,
373 1807 425 1868 Ex
440 1803 552 1883 objecto
567 1797 734 1861 necessarie
756 1804 807 1861 est
824 1817 909 1878 quae
929 1799 1125 1880 exsequitur
1140 1806 1321 1882 praecepta
1339 1801 1418 1884 legi-

332 1890 431 1964 tima3
449 1885 586 1969 perfecta
608 1901 673 1962 qua
697 1881 833 1942 cuilibet
856 1881 1020 1944 honestae
1044 1883 1235 1964 Superioris
1251 1885 1419 1964 voluntati

334 1991 406 2036 mos
421 1970 550 2051 geritur
574 1971 607 2027 et
625 1963 725 2026 ¹facile
748 1964 834 2025 alter
850 1965 950 2025 homo
974 1965 1119 2027 liabetur
1141 1985 1202 2048 pro
1220 1966 1415 2047 Superiore.

148 2065 190 2132 br·
212 2065 277 2114 nusi·
334 2044 337 2050 ’
373 2057 425 2118 Ex
447 2048 580 2131 obsequii
601 2047 700 2110 modo
722 2053 773 2108 est
796 2047 964 2108 necessarie
987 2067 1073 2126 quae
1096 2048 1193 2129 jussa
1219 2049 1321 2110 efficit
1337 2058 1418 2112 tunc

118 2122 257 2182 parimodo.
334 2159 409 2200 cum
434 2135 549 2207 debet;
568 2130 704 2212 perfecte
720 2148 801 2191 vero
818 2149 914 2210 quae,
934 2130 965 2191 in
987 2129 1138 2211 iaciendo
1156 2132 1416 2214 promptissima,

187 2249 189 2252 ·
235 2248 237 2252 ·
333 2218 451 2284 tribuit
466 2216 599 2279 subdito
615 2214 700 2276 idem
715 2211 790 2272 velle
811 2211 900 2292 quod
919 2212 1104 2292 Superiori,
1123 2215 1234 2291 immo,
1253 2222 1416 2294 quantum

334 2307 367 2368 in
393 2302 494 2366 rebus
521 2318 588 2361 non
615 2295 825 2358 evidentibus
852 2293 883 2356 id
911 2297 1038 2378 patitur
1064 2303 1188 2358 natura
1214 2295 1417 2377 intellectuS,

335 2387 420 2450 idem
429 2382 584 2464 judicare.
603 2378 772 2441 Concreta
784 2377 886 2458 igitur
898 2383 950 2440 est
963 2378 1084 2462 triplici
1098 2378 1271 2459 obsequi0,
1288 2379 1418 2460 effectur,

333 2466 511 2543 voluntatis,
537 2460 717 2525 intellectae.
744 2462 795 2523 De
825 2479 891 2540 qua
920 2460 1070 2542 perlecta
1097 2461 1286 2524 obedientia
1308 2470 1418 2526 exstat

335 2553 511 2636 praeclara
534 2546 570 2609 S.
596 2544 715 2624 Ignatii
742 2546 897 2627 epistola.

143 2633 280 2701 credecatur
375 2629 573 2696 Obedientia
588 2625 753 2689 necessario
769 2634 820 2688 est
828 2623 978 2707 formulis
991 2627 1043 2687 vel
1056 2625 1245 2689 ureterialis:
1254 2625 1417 2707 formalis,

121 2705 252 2796 ξῇζζῖξξῗξζ
336 2735 401 2796 qua
427 2713 559 2777 animus
586 2709 724 2788 inclinat
748 2709 790 2771 ad
813 2707 1060 2790 exsequendum
1087 2728 1172 2790 opus
1199 2711 1417 2792 praeceptum

116 2806 282 2875 sernia-usal
336 2799 413 2880 quia
431 2799 663 2879 'praeceptum
693 2799 761 2870 est3
792 2790 973 2870 neotericus,
1005 2811 1070 2872 qua
1105 2811 1146 2854 ex
1176 2791 1323 2873 quolibet
1353 2794 1418 2855 alio

47 2935 52 2952 ,
120 2864 263 2915 m““'''‘¹'¹³·
336 2883 463 2945 motivo
485 2878 738 2957 obtemperatur
757 2875 913 2956 jussioni.

156 2960 282 3029 Vurusue
348 3013 349 3018 η
377 2959 537 3026 Formelis
561 2959 750 3022 obedientia
777 2957 959 3019 ascribitur
987 2958 1029 3019 ad
1052 2957 1213 3021 virtutem
1239 2959 1419 3040 specialem

122 3024 281 3122 lilium.
337 3043 558 3112 obedientiae.
584 3042 621 3104 ln
644 3041 708 3103 hoc
732 3040 818 3102 enim
842 3040 1043 3121 perspicitur
1067 3040 1246 3124 peculiaris
1267 3042 1350 3105 ordo
1366 3045 1420 3105 vel

121 3133 280 3195 reasormuus,
337 3134 509 3205 honestas,
527 3132 564 3189 ut
580 3124 754 3187 inferiores
777 3144 798 3185 a
820 3122 1057 3202 Superioribus
1082 3131 1295 3187 moveantur.

131 3217 280 3274 mutianus,
377 3208 552 3278 Materialis
580 3205 769 3270 obedientia
796 3206 977 3268 comitatur
1003 3225 1138 3270 ornnem
1170 3206 1420 3269 exsecutionem

335 3305 434 3362 actus
448 3292 630 3379 praecepti,
648 3310 721 3368 nec,
738 3290 766 3351 si
782 3290 871 3351 bona
894 3294 956 3366 est,
973 3290 1109 3369 speciali
1132 3291 1261 3370 regitur
1276 3291 1415 3364 virtute,

336 3383 393 3445 sed
406 3383 479 3444 laus
495 3384 546 3440 est
559 3375 630 3457 ejus
646 3371 782 3434 virtutis
795 3370 836 3433 ad
849 3390 948 3451 quam
965 3371 1129 3454 pertineat
1143 3371 1250 3454 ipsum
1263 3392 1420 3456 praecep·

335 3474 406 3529 tum
425 3463 476 3524 vel
493 3458 629 3543 propria
645 3454 776 3536 agentis
792 3453 945 3517 intentio

150 3544 270 3606 Perfecta.
376 3541 574 3610 Obedientia
588 3538 736 3620 perlecta
751 3558 771 3598 a
784 3536 981 3617 quibusdam
994 3537 1034 3598 ad
1054 3537 1215 3600 virtutem
1240 3537 1419 3619 specialem

335 3631 492 3703 refertur,
516 3622 648 3686 anobis
671 3631 784 3682 autem
806 3620 849 3681 ad
871 3619 1088 3683 terribilitatem.
1112 3622 1174 3683 Est
1201 3622 1289 3684 enim
1305 3620 1420 3682 lauda-

334 3713 408 3777 bilis
424 3705 609 3772 moderatio
630 3704 799 3785 appetitus
815 3705 971 3785 propriae
993 3704 1223 3783 excellentiae,
1244 3723 1330 3784 quae
1347 3704 1421 3765 laus

334 3803 385 3858 est
402 3788 613 3856 humilitatis
864 3867 869 3876 ι

375 3876 440 3961 Qui
456 3883 569 3936 tamen
585 3869 725 3932 eandem
745 3867 887 3930 coluerit
910 3887 949 3929 eo
972 3868 1111 3930 consilio
1128 3875 1165 3930 ut
1192 3869 1225 3931 in
1252 3869 1422 3931 necessarie

333 3957 523 4024 obedientia
549 3953 765 4016 confirmaret
787 3950 948 4031 animum,
977 3950 1004 4013 is
1030 3950 1092 4013 sibi
1116 3951 1230 4028 etiam,
1261 3951 1304 4014 ob
1332 3953 1420 4015 hanc

333 4042 435 4106 animi
465 4034 769 4123 praeparationem,
801 4032 958 4096 meritum
985 4035 1235 4114 comparaverit
1266 4035 1419 4118 specialis

333 4123 554 4188 obedientiae.

141 4241 278 4293 Omna
374 4209 445 4272 Clr.
463 4207 502 4269 de
524 4205 576 4267 his
593 4203 689 4283 plura
705 4199 737 4263 in
754 4199 879 4262 nostris
893 4201 1018 4283 eraest.
1031 4197 1144 4264 ruorrel.
1161 4200 1288 4280 selectis,
1303 4200 1371 4264 vol.
1391 4221 1419 4263 1.

119 4303 241 4361 theologica
374 4315 404 4356 2.
418 4289 529 4354 Stricte
540 4285 586 4349 vel
598 4281 761 4365 theologice
773 4286 892 4363 accepte
904 4289 937 4344 et
949 4279 1042 4366 errlgo.
1053 4281 1146 4360 dieta,
1157 4291 1194 4346 ut
1206 4285 1313 4347 aiunt.
1324 4283 1421 4347 Prior

120 4365 277 4475 mma,
334 4382 384 4438 est
397 4371 575 4448 necessarie,
590 4370 697 4430 altera
713 4370 763 4427 est
773 4363 921 4446 perfecte,
939 4365 1146 4447 potissimum
1163 4387 1205 4430 ex
1221 4368 1366 4449 objecto.
