3134 5016
145 478 330 562 [534-535]
531 501 568 538 ore
582 499 692 536 reeens
707 499 857 537 orenmrnus
1182 477 1242 541 335

81 654 84 660 ·
178 634 225 692 Ad
239 635 296 693 hoc
309 651 405 710 genus
419 633 589 692 referendus
599 642 643 690 est
653 631 774 692 Tertius
788 631 870 690 Ordo
885 631 917 690 S.
929 631 1093 704 Dominici,
1105 651 1195 706 quern
1208 635 1239 691 in

142 719 242 778 Gallia
260 718 393 777 condidit
411 718 598 788 Lacordaire,
620 727 653 774 ut
666 717 732 794 ejus
745 717 862 774 sodales
877 712 1079 774 instituendae
1088 717 1241 793 juventuti

142 819 263 876 operam
286 803 356 860 dare
375 802 517 860 valerent.
542 801 684 874 Namque
708 798 778 858 finis
800 801 855 859 iste
876 818 895 858 a
917 801 1015 876 primo
1034 799 1066 858 S.
1088 800 1243 859 Dominici

142 885 256 944 Ordine
270 887 352 944 visus
363 893 408 944 est
422 885 550 942 alienus.

184 984 279 1067 Quae
307 983 479 1060 Instituta,
511 980 665 1063 quamvis
695 981 918 1045 substantiam
950 971 1060 1044 status
1091 981 1237 1064 religiosi

143 1066 349 1146 contineant,
367 1067 525 1130 dicuntur
552 1072 667 1127 tamen
681 1064 789 1128 Tertii
805 1064 963 1142 Ordines,
981 1084 1058 1128 cum
1074 1065 1117 1126 ob
1133 1064 1235 1146 origi·

142 1169 230 1228 nem,
247 1168 314 1230 qua
336 1148 387 1213 ex¹
405 1148 567 1212 societate
591 1147 682 1210 vitae
699 1143 835 1210 inducta
850 1148 938 1292 aqud
953 1146 1140 1226 Tertiarios
1157 1154 1237 1210 sunt
1338 1211 1340 1216 ,

141 1239 235 1311 nata,
252 1239 324 1296 tum
340 1234 418 1314 quia
434 1230 570 1294 tertiam
588 1236 776 1312 sequuntur
792 1249 954 1310 regnam,
979 1230 1236 1310 ad'religiosam
1329 1297 1333 1308 ‚
1432 1277 1434 1284 ,

141 1314 384 1398 professionem
401 1321 435 1377 et
452 1313 657 1396 peculiarem
671 1312 769 1379 finem
783 1311 927 1396 propriis
939 1312 1237 1376 constitutionibus

141 1403 311 1479 aptatam.
964 1427 970 1463 t

182 1479 428 1543 T-ertiariorum
443 1480 585 1543 istorum
602 1477 756 1541 instituta
778 1479 844 1542 alia
871 1483 950 1540 sunt
973 1476 1025 1540 sui
1047 1476 1145 1559 juriS,
1170 1477 1236 1540 alia

141 1562 252 1642 primo
270 1562 388 1625 Ordini
404 1562 586 1644 conjuncta
602 1569 634 1622 et
651 1561 808 1638 obnoxia,
825 1561 874 1624 ita
889 1567 927 1623 ut
942 1561 1014 1642 ejus
1030 1560 1234 1642 participare

135 1644 281 1706 ‘valeant
318 1645 493 1728 privilegia
529 1650 564 1706 et
601 1643 802 1723 quandoque
832 1642 1095 1726 exemptionem.
1133 1644 1234 1706 Hanc

136 1731 256 1788 tamen
272 1745 340 1789 non
356 1725 483 1788 habent
498 1725 654 1787 mulieres
666 1725 866 1800 Tertiariae.
886 1724 925 1788 C.
940 1725 1151 1804 d'Annibale,
1165 1726 1187 1789 l.
1202 1745 1232 1789 c.

183 1808 249 1871 Hic
262 1809 468 1872 memorandi
483 1808 584 1870 etiam
609 1814 688 1869 sunt
712 1807 747 1870 hi
764 1809 819 1888 qui
835 1808 958 1888 singuli
975 1808 1184 1890 recipiuntur
1199 1809 1233 1871 in

142 1892 384 1953 monasterium
415 1891 578 1967 virorum,
610 1889 732 1970 ibique.
761 1891 896 1953 nomine
926 1889 1150 1953 Tertinre'orum
1179 1892 1233 1954 vel

143 1973 336 2051 oblatorum,
348 1972 480 2036 emissis
493 1971 581 2034 votis
594 1971 813 2055 simplicibus,
827 1974 890 2035 sub
904 1971 1094 2035 obedientia
1107 1974 1233 2055 degunt

142 2055 290 2119 Praelati
316 2055 479 2136 regularis
505 2061 650 2134 suntque
673 2056 819 2136 exempti
834 2054 877 2117 ab
893 2053 1063 2118 Ordinarii
1075 2055 1232 2137 jurisdic·
1316 2067 1317 2072 ’

144 2140 246 2202 tione.
265 2137 338 2201 Cfr.
353 2137 442 2201 dicta
458 2158 491 2199 n.
510 2138 618 2217 163,5.
1186 2200 1188 2205 ,

184 2220 217 2299 b)
241 2221 359 2297 Alteri,
386 2239 446 2282 seu
471 2220 583 2302 potius
609 2219 749 2295 alterae,
781 2238 925 2300 namque
951 2219 1050 2284 hodie
1076 2218 1232 2283 mulieres

143 2303 319 2382 duntaxat,
338 2309 473 2385 recepto
488 2303 605 2365 habitu
621 2300 779 2382 religioso
794 2309 829 2364 et
845 2309 1026 2364 contentae
1037 2308 1118 2363 voto
1131 2303 1232 2366 casti·

143 2386 234 2463 tatis,
261 2386 413 2468 privatas
443 2384 595 2447 incolunt
624 2385 736 2462 aedes,
765 2384 989 2464 dicunturque
1018 2383 1178 2466 Begne'nae
1208 2385 1230 2462 ¹,

1294 2234 1388 2302 Beatae,
1402 2236 1446 2282 Be·

1283 2305 1378 2350 gennae.

142 2466 307 2546 Bieoehae,
335 2468 463 2533 Beatos.
491 2468 661 2531 Personae
687 2474 766 2529 sunt
792 2467 1053 2546 ecclesiasticae,
1080 2465 1231 2550 fruentes
1310 2527 1331 2532 ,,
1409 2525 1411 2529 ,
1464 2491 1469 2498 ·

142 2550 317 2633 privilegio
334 2550 473 2614 canonis
488 2557 523 2613 et
538 2549 753 2634 indulgentiis
767 2549 867 2632 primi
881 2549 1029 2612 Ordinis.

184 2637 215 2713 c)
230 2632 336 2698 Tertii
351 2634 493 2715 denique
507 2639 586 2698 sunt
599 2633 748 2714 perfecte
769 2631 918 2696 seculares
933 2638 967 2695 et
981 2631 1067 2711 laici,
1084 2632 1152 2713 qui,
1169 2653 1230 2718 pro

142 2737 205 2779 sua
222 2717 430 2795 condicione,
448 2716 639 2798 religiosam
657 2714 864 2798 disciplinam
878 2720 1066 2778 sectantur.

1284 2637 1444 2745 Ldie‘imm'

183 2798 347 2880 Agedum,
365 2819 442 2861 cum
458 2800 498 2861 de
521 2798 651 2862 duobus
674 2797 841 2881 prioribus
853 2799 924 2880 jam
941 2805 1020 2861 ante
1035 2797 1229 2882 dixerimus,
1317 2864 1319 2868 .

143 2882 183 2943 de
195 2888 366 2960 postremo
381 2882 446 2942 hoc
461 2900 584 2960 genere
598 2881 762 2942 duntaxat
777 2888 829 2943 est
844 2880 940 2944 nobis
955 2881 1134 2961 agendum.

186 2963 273 3026 535.
298 2963 393 3040 Quid
420 2964 566 3023 Tertius
592 2964 688 3024 Ordo
714 2965 888 3025 secularis
910 2973 946 3026 et
974 2965 1117 3042 quinam
1144 2963 1230 3026 sint.

146 3042 281 3104 Tertium
297 3042 410 3123 itaque
436 3043 584 3105 Ordinem
605 3042 771 3105 secularem
797 3045 1025 3108 describemus
1052 3046 1232 3126 probatum

143 3125 276 3205 aliquod
302 3124 393 3188 vitae
418 3144 525 3206 genus
555 3125 684 3205 (Ordo),
713 3145 790 3206 que,
818 3128 881 3189 sub
912 3126 1072 3208 regimine
1098 3127 1232 3194 Ordinis

144 3206 307 3288 regularis
329 3226 444 3289 presse
467 3208 557 3286 dicti,
574 3208 617 3270 ad
632 3208 853 3272 christianam
864 3209 1032 3292 justitiam
1056 3216 1089 3276 et
1105 3209 1232 3292 perfec·

144 3291 268 3355 tionem
298 3290 513 3354 contenditur
541 3310 581 3353 eo
612 3290 710 3354 modo
740 3311 839 3372 quem
869 3293 933 3356 fert
964 3293 1115 3356 condicio
1141 3293 1233 3358 vitae

143 3372 318 3437 secularis.

178 3477 375 3552 Praecipuum
402 3475 575 3534 Institutum
604 3477 688 3534 istius
715 3478 839 3536 rationis
858 3487 902 3535 est
928 3479 1069 3538 secularis
1091 3474 1174 3540 Ordo
1197 3475 1233 3540 de

142 3556 343 3632 Paenitentia,
369 3559 401 3618 S.
420 3560 581 3630 Francisci,
605 3560 691 3636 cujus
717 3562 846 3634 primam
870 3563 1059 3622 occasionem
1084 3563 1125 3622 ita
1146 3556 1233 3625 refert

143 3643 177 3706 P.
192 3643 255 3701 Leo
268 3644 322 3718 Pp.
336 3659 407 3702 xur:
431 3667 444 3696 ι
461 3644 1233 3722 memarmaxtmoeoncuesuffluaeumque

147 3801 486 3808 ----—-.——-——--

143 3887 257 3954 imperio
267 3892 348 3950 plene
364 3892 418 3941 sint
429 3893 518 3942 soluta
533 3890 637 3957 unique
648 3887 780 3939 obediant
798 3889 946 3955 Episcopo,
960 3887 1052 3950 reipsa
1063 3886 1232 3955 indulgentia

144 3946 340 3998 Port1unculae
350 3950 379 3999 in
389 3949 446 3999 suis
461 3950 584 3999 ecclesus
602 3948 737 3996 fruunturv
760 3949 845 3997 Secus
859 3946 1008 3995 dicendum
1019 3951 1059 3994 est
1070 3945 1149 4001 deris
1160 3960 1232 4007 quae

142 4012 235 4053 carent
245 4006 399 4057 substantia
407 4013 493 4056 status
503 4007 631 4066 religiosi.
644 4005 699 4054 Clr.
714 4005 854 4066 Beringer,
866 4019 910 4064 op.
924 4019 960 4070 c..
974 4018 1000 4063 p.
1013 4012 1066 4061 423.
1118 4060 1134 4071 ..

171 4062 178 4096 ¹
190 4062 249 4114 Has
264 4078 299 4112 ne
313 4063 466 4114 confundas
477 4079 539 4114 cum
550 4062 681 4126 singulari
698 4063 827 4112 Instituto
845 4064 1033 4128 Begurnarurn
1048 4063 1145 4127 Belgn,
1158 4076 1230 4127 quae

142 4127 321 4180 congregatae
338 4129 402 4171 sunt
419 4122 448 4172 in
466 4122 599 4183 separatis
615 4122 683 4170 vicis
698 4122 854 4180 (beguinagesl
870 4134 939 4181 quos
956 4127 1065 4186 antiqur
1077 4133 1106 4168 in
1117 4121 1232 4180 Oriente

142 4184 285 4226 vocassent
295 4178 385 4228 lauras.
399 4182 464 4229 Post
473 4195 561 4230 annos
570 4179 677 4240 aliquot
687 4180 760 4228 vitae
771 4178 931 4228 communis.
945 4183 1141 4244 permittuntur
1150 4191 1229 4226 snam

142 4247 268 4298 quaeque
284 4235 312 4283 in
328 4238 390 4286 vico
400 4237 526 4288 habitare
537 4239 664 4294 domum,
672 4237 805 4296 promissa
816 4234 974 4285 obedientra
986 4235 1098 4283 cuidam
1109 4236 1228 4300 Genera·

141 4290 222 4339 lrssae
241 4293 350 4340 (Grande
366 4295 452 4357 Deme)
470 4302 497 4344 et
510 4296 636 4344 castitate
654 4295 777 4356 quandiu
797 4293 934 4342 voluerint
951 4298 1111 4357 permanere
1130 4305 1159 4340 tn
1179 4306 1230 4340 sua

141 4348 318 4412 professione.
338 4353 434 4410 Nocte,
454 4353 569 4402 exclusis
587 4352 662 4410 viris,
682 4352 821 4401 clauditur
831 4351 917 4400 vicus.
931 4349 1175 4415 Institntumqrstud
1193 4351 1229 4398 ad

142 4407 377 4474 nullum'pertinet
388 4410 534 4467 Ordinem
551 4412 698 4472 pleraeque
709 4415 800 4458 tamen
816 4414 879 4457 sunt
889 4408 971 4457 simul
982 4408 1135 4456 Tertiarrae
1150 4409 1230 4456 secu·⁴

142 4466 212 4514 lares
221 4466 339 4526 allcujus
350 4467 471 4526 Ordinis,
484 4483 509 4518 v.
519 4483 558 4529 gr.
572 4470 598 4519 S.
613 4468 762 4518 Dominici.

1296 2949 1297 2952 Ἴ
1307 2979 1386 3028 Tertii
1395 2983 1444 3030 Or·

1284 3033 1350 3083 dinis
1359 3040 1445 3088 secula·

1285 3094 1442 3156 rtsdefim'tr'o.

1298 3506 1392 3556 Tertius
1402 3509 1446 3556 Or·

1285 3563 1315 3612 do
1322 3565 1351 3612 S.
1363 3565 1445 3613 Fran·

1283 3622 1351 3672 circe
