3138 5014
326 422 386 486 ⁶256
711 450 777 486 anas
792 451 886 487 ssxrn.
903 451 993 488 carus
1008 452 1029 487 11

140 601 240 662 Regula
362 580 461 654 Haec,
487 583 559 641 satis
582 583 688 640 similis
710 584 945 660 denuntiationis
964 584 1124 662 judicialis,
1151 584 1336 658 persequitur
1352 601 1413 640 non

113 660 271 730 agaunttariq-
328 673 390 724 tam
416 666 529 724 bonum
550 667 759 741 delinquentis,
779 685 870 742 quam
891 670 1005 726 bonum
1022 669 1130 728 domus
1149 685 1201 726 seu
1224 665 1354 726 instituti
1367 667 1413 723 vel

113 733 161 826 {2}
174 731 272 768 ‘mm'
328 750 450 808 alterius
465 751 630 809 innocentis
643 753 690 810 cui
705 753 846 811 delictum
862 753 978 812 videtur
992 751 1054 810 fore
1068 753 1260 812 damnosum.

364 831 487 912 alFr'ert'
496 837 620 894 honeste
629 839 731 915 polest,
739 839 829 895 modo
840 849 919 897 recta
929 838 1092 914 impellaris
1106 837 1280 908 intentione,
1288 836 1412 911 quoties,

329 921 394 978 sine
418 922 607 995 praevalente
633 922 744 980 damno
771 939 914 998 personae
937 923 1062 992 delatae,
1079 923 1215 984 videatur
1228 921 1365 996 expedire
1377 920 1415 978 ad

329 1003 443 1062 bonum
464 1022 607 1079 personae
620 1006 751 1080 privatae
766 1006 811 1064 vel
831 1005 980 1064 Instituti:
997 1008 1086 1081 idque
1100 1025 1136 1064 eo
1154 1006 1244 1064 modo
1257 1004 1308 1080 qui
1320 1003 1416 1077 aptior

330 1097 463 1161 apparet,
479 1089 570 1146 etiam
584 1091 609 1147 si
624 1092 841 1162 praetermittas
855 1089 1016 1150 fraternam
1030 1090 1256 1150 correctionem.

367 1171 397 1245 b)
410 1167 497 1230 Fari
510 1167 598 1242 debet,
617 1191 686 1231 cum
706 1192 743 1232 ex
761 1170 895 1245 caritate,
915 1175 1036 1249 quando
1055 1174 1164 1233 delatio
1183 1183 1227 1232 est
1246 1189 1341 1230 unum
1355 1187 1417 1227 me·

333 1253 427 1326 dium,
436 1250 635 1333 probabiliter
648 1257 799 1329 idoneum,
821 1259 858 1316 ad
877 1259 1102 1333 impediendum
1121 1257 1267 1316 damnum
1282 1270 1418 1312 commu-

333 1337 434 1395 nitatis
450 1341 496 1396 vel
517 1358 662 1414 magnum
682 1342 809 1414 proximi
828 1341 1054 1413 detrimentum,
1076 1358 1174 1414 neque
1193 1339 1341 1397 excuseris
1354 1354 1419 1411 pro-

334 1421 397 1496 prio
415 1423 593 1481 detrimento
612 1435 621 1464 1
640 1425 687 1482 vel
707 1425 841 1498 graviore
860 1427 971 1484 damno
992 1443 1135 1500 personae
1154 1423 1278 1492 delatae,
1300 1431 1363 1478 tum
1384 1437 1420 1476 ex

333 1499 487 1583 religione,
504 1506 528 1563 si
537 1506 652 1582 juberis
665 1525 683 1564 a
697 1509 842 1578 Praelat0,
859 1510 947 1584 idque
958 1509 1048 1586 juste,
1064 1508 1224 1584 perspectis
1236 1505 1420 1564 constitutio·

335 1589 423 1646 nibus
436 1602 465 1648 et
485 1591 613 1648 utilitate
631 1592 798 1651 delationis
820 1593 886 1651 Hac
905 1594 1087 1668 obligatione
1101 1593 1225 1650 liberat:
1245 1591 1272 1666 a)
1285 1583 1422 1668 Perfecta

335 1669 500 1733 emendatio
520 1675 730 1749 delinquentis,
751 1678 776 1733 si
801 1679 875 1751 parti
894 1679 992 1736 laesae
1011 1688 1055 1736 est
1075 1676 1272 1745 satisfactum,
1287 1693 1343 1732 nec
1357 1673 1423 1730 aliis

337 1757 501 1831 periculum
523 1758 662 1835 imminet
672 1777 680 1830 ;
701 1759 729 1836 tt)
748 1759 900 1820 Secretum
921 1758 1111 1822 commissum
1128 1779 1164 1819 ex
1183 1758 1290 1830 officio,
1311 1758 1368 1814 nisi
1387 1774 1423 1813 ex

337 1851 532 1911 permanente
552 1842 667 1898 malitia
689 1844 905 1902 committentis
923 1846 1035 1902 oriatur
1053 1863 1143 1918 grave
1157 1843 1325 1901 innocentis
1339 1840 1424 1897 dam·

337 1938 423 1992 num,
442 1925 544 1981 autad
560 1942 723 1982 commune
738 1924 867 1984 instituti
882 1929 995 1986 bonum
1016 1928 1145 2002 graviter
1164 1926 1279 1984 intersit
1299 1934 1330 1981 ut
1343 1939 1425 1980 reve·

338 2004 423 2065 letur.
444 2005 506 2066 Cfr.
519 2007 554 2066 C.
567 2009 603 2066 de
614 2008 711 2083 Lugo,
726 2011 754 2069 d.
768 2029 796 2086 4,
811 2029 842 2071 n.
857 2028 924 2086 ²4²3
940 2019 967 2082 γ)
983 2011 1081 2070 Grave
1097 2011 1176 2086 quod
1197 2010 1250 2068 tibi
1270 2007 1426 2082 impendat

339 2092 502 2166 periculum
527 2096 658 2166 honoriS,
681 2096 766 2167 vitae,
787 2115 886 2156 rerum
906 2108 1036 2156 tuarum.
1058 2097 1157 2173 Quare
1174 2093 1299 2174 teipsum
1311 2095 1425 2150 denun-

339 2177 411 2234 tiare
428 2197 494 2236 -non
516 2181 644 2253 cogeris;
665 2199 763 2255 neque
780 2182 876 2240 socios
889 2182 1032 2252 criminis,
1053 2200 1123 2239 cum
1143 2181 1185 2238 sic
1204 2178 1423 2254 aequivalenter

339 2262 475 2334 proderes
490 2265 630 2338 teipsum.

375 2349 402 2424 c)
416 2346 589 2410 Omittenda
608 2353 659 2423 est,
676 2353 701 2410 si
712 2371 748 2412 ex
758 2353 984 2412 denuntiatione
998 2351 1112 2429 majora
1132 2351 1212 2408 mala
1226 2350 1272 2408 vel
1286 2347 1428 2406 scandala

340 2432 400 2488 sint
424 2435 534 2492 oritura
568 2448 620 2493 aut
650 2437 853 2495 desiderentur
879 2435 1045 2494 sufficentia
1071 2436 1191 2494 indicia.
1217 2433 1348 2505 Accepta
1377 2429 1429 2486 illa

341 2515 578 2589 denuntiatione,
605 2519 681 2577 valet
703 2519 843 2596 Superior
866 2532 931 2578 tum
953 2539 1058 2578 cavere
1086 2516 1283 2586 incolumitati
1302 2515 1427 2570 alterius

342 2600 545 2658 innocentiset
553 2599 693 2672 instituti,
706 2617 770 2660 tum
782 2604 884 2674 etiam,
893 2604 1039 2664 siannuat
1050 2601 1194 2673 deferens,
1201 2599 1424 2670 delinquentem

343 2684 505 2740 domestica
519 2681 636 2742 afficere
659 2687 889 2759 reprehensione
912 2699 941 2746 et
963 2704 1060 2762 poena
1084 2682 1263 2758 disciplinari
1274 2693 1296 2738 ².
1315 2679 1427 2753 Repre-

343 2768 498 2838 hensione,
515 2769 649 2842 inquam,
666 2781 695 2826 et
709 2788 805 2843 poena
819 2789 896 2844 quae
907 2789 1028 2846 gravem
1042 2787 1104 2827 non
1117 2767 1246 2825 inferant
1259 2761 1428 2821 infamiam.

344 2849 405 2908 Uni
419 2853 500 2909 enim
519 2852 616 2929 judici
638 2845 803 2910 stricte'tali
826 2857 895 2912 licet
917 2855 1092 2930 posthabere
1116 2851 1237 2908 alterius
1260 2845 1373 2904 famam
1392 2843 1431 2901 ad

345 2935 507 2992 vindictam
534 2937 725 2995 sumendam.
753 2936 866 3012 Itaque,
893 2938 1043 2996 occultum
1072 2937 1213 2994 delictum
1239 2949 1301 2990 non
1326 2928 1433 3003 poterit

345 3017 463 3089 publice
491 3021 676 3094 correptione
699 3031 728 3080 et
749 3023 931 3094 paenitentia
953 3022 1090 3092 multare,
1115 3019 1172 3077 nisi
1194 3017 1271 3075 absit
1293 3012 1433 3084 notabilis

333 3099 489 3186 ¹infamiae
504 3107 680 3180 periculum.
695 3104 754 3164 Cfr.
770 3107 804 3164 C.
819 3108 855 3164 de
869 3105 967 3180 Lug0,
982 3106 1011 3164 d.
1027 3123 1072 3181 37,
1087 3124 1119 3163 n.
1136 3103 1196 3176 164.

382 3183 635 3246 Hactenusdicta
659 3205 804 3248 eruuntur
822 3207 858 3247 ex
873 3189 955 3268 justa
974 3190 1105 3248 caritatis
1123 3188 1247 3257 ratione,
1270 3200 1331 3259 qua
1359 3183 1434 3240 haec

348 3271 471 3329 materia
486 3272 604 3347 regitur.

164 3418 265 3481 Quaere
389 3399 435 3465 N.
452 3399 493 3462 Β.
518 3401 582 3463 Est
598 3399 764 3481 quoddam
778 3418 885 3480 genus
901 3405 1160 3483 praeceptorum
1183 3394 1272 3478 quod
1287 3388 1434 3482 speciem

130 3476 294 3584 piiiiiii‘iii-
350 3482 498 3566 praefert
525 3484 624 3546 edicti
650 3483 785 3567 publici,
813 3502 881 3564 quo
908 3484 1070 3566 Superior
1096 3479 1260 3571 praecipit
1282 3489 1319 3538 ut
1336 3479 1434 3567 satis-

118 3550 278 3655 itputta‘i?
351 3567 453 3628 factio
480 3566 540 3628 fiat
567 3567 609 3628 ab
636 3586 687 3645 e0‚
715 3565 843 3646 ignot0,
862 3566 918 3647 qui
944 3568 978 3629 in
1000 3566 1113 3646 aliqua
1139 3584 1176 3627 re
1192 3563 1379 3641 deliquerit,
1397 3561 1436 3616 ut

351 3648 585 3711 manifestetur
611 3668 701 3728 reus,
730 3661 796 3712 etc.
823 3649 918 3711 Haec
942 3650 1074 3729 quidem
1100 3666 1160 3731 per
1186 3665 1222 3708 se
1248 3648 1376 3717 tenent,
1401 3645 1437 3698 et

352 3732 559 3795 dominativa
575 3738 743 3816 potestate
760 3731 832 3794 fieri
847 3734 974 3796 valent.
999 3732 1078 3796 Sine
1094 3750 1198 3793 causa
1215 3736 1327 3790 tamen
1344 3740 1437 3784 com·

352 3823 472 3896 parate
487 3834 595 3897 gravi,
610 3835 678 3878 non
691 3816 824 3877 videtur
838 3815 903 3878 hac
920 3814 1051 3879 ratione
1064 3811 1249 3896 imperandi
1261 3807 1436 3898 utendum,

354 3898 381 3959 si
397 3907 519 3979 agatur
542 3899 582 3961 de
598 3905 778 3982 praecepto
801 3898 932 3968 stricto,
954 3905 1154 3982 praesertim
1181 3895 1209 3958 si
1231 3914 1267 3955 ex
1286 3885 1438 3973 jurasdtc·

353 3980 446 4044 ta'ona's
469 3988 636 4065 potestate
660 3981 838 4064 adjiciatur
865 3981 1082 4045 comminatio
1109 3997 1237 4063 poenae
1260 3976 1332 4058 ipso
1347 3971 1439 4033 facto

354 4063 589 4129 incurrendae.
605 4064 674 4130 Cfr.
689 4065 728 4130 C.
742 4066 782 4128 de
794 4065 903 4146 Lug0,
918 4084 972 4148 op.
987 4065 1043 4130 cit.
1058 4065 1091 4129 d.
1105 4068 1155 4144 38,
1170 4083 1204 4125 n.
1214 4081 1265 4141 32.
1280 4054 1440 4121 Accessio

386 4325 393 4358 ¹
409 4323 464 4373 Cfr.
483 4325 514 4374 C.
532 4324 567 4373 de
583 4324 670 4384 Lugo,
687 4322 713 4371 d.
732 4329 768 4379 38,
785 4335 812 4369 n.
830 4338 865 4379 14.
1321 4387 1325 4397 Ι
1368 4385 1372 4394 Ι

382 4403 393 4438 ²
405 4401 485 4449 Hanc
496 4399 630 4450 rationem
642 4411 697 4446 non
712 4395 849 4458 egreditur
860 4409 908 4456 per
919 4409 947 4443 se
961 4395 1044 4443 etiam
1058 4391 1178 4454 privatio
1189 4399 1399 4440 commumoms.
