3148 5004
163 384 337 519 Ι[126482]
640 456 740 491 suumn
755 399 855 491 nanuu
1175 434 1249 502 XIII

1163 567 1250 618 Pagina

26 606 80 658 IIII
106 726 109 732 Ι
201 649 242 712 ΙΙ.
258 650 309 712 De
325 648 533 730 obligatione
547 666 589 709 ex
604 651 686 708 voto
715 692 1165 712 .........
1209 665 1248 729 95

103 802 107 823 t
185 789 324 850 Imprimis
341 787 494 849 spectanda
511 786 635 844 intentio,
649 793 699 835 156.
715 813 743 821 -
754 786 855 836 Votum
877 785 1056 848 ingrediendi,
1071 790 1120 844 157.
1133 813 1162 821 -

156 862 258 910 Votum
268 857 442 922 ingrediendi
457 864 484 906 et
498 856 686 918 permanendi,
704 864 754 906 158.
767 884 796 893 -
805 857 908 906 Votum
923 857 1161 917 circumscriptum

107 950 110 989 t
155 929 332 985 monasterio,
354 937 405 987 159.
427 935 456 964 ’-
474 929 576 976 Votum
594 926 763 988 ingrediendi
786 931 892 975 certum
912 927 1045 984 ordinem,
1066 935 1115 976 160.
1136 953 1162 962 -

108 1002 112 1011 “
155 1001 260 1048 Votum
269 998 410 1061 religionis
421 998 449 1056 in
459 997 625 1055 universum,
640 1006 689 1046 161.
702 999 802 1059 —Qua
812 997 919 1047 ratione
935 994 1030 1047 votum
1044 997 1117 1046 istud
1126 997 1162 1047 sit

92 1065 110 1127 ’ᾖ
158 1073 327 1117 reservatum
338 1069 365 1118 S.
378 1067 452 1125 Sedi,
466 1076 516 1117 162.
1169 1091 1171 1096 ·

107 1184 112 1210 ¹
203 1183 205 1186 .

356 1190 475 1254 CAPUT
490 1191 548 1254 ΙΙΙ.
566 1193 607 1257 lte
622 1190 808 1257 admissione
824 1191 852 1256 in
870 1190 1045 1272 religionem

108 1297 111 1346 Ξ
201 1333 407 1417 Principium.
429 1335 481 1397 Dc
503 1334 608 1397 variis
633 1335 787 1417 personis
810 1355 896 1416 quae
920 1333 1165 1416 quodammodo

479 1430 650 1512 pertinent
666 1431 708 1492 ad
723 1431 919 1512 religionem
935 1473 1164 1494 .....
1208 1449 1247 1509 97

104 1622 109 1639 ,
183 1573 283 1623 Variae
303 1575 403 1622 clatses
423 1586 604 1633 personarum
624 1586 696 1633 quae
714 1573 877 1622 commorari
899 1577 1013 1633 possunt
1028 1573 1056 1621 in
1072 1574 1159 1621 claus-

20 1644 56 1720 84
105 1678 110 1707 t
154 1645 213 1702 tris,
227 1653 278 1693 163.

105 1797 109 1835 ι
272 1763 438 1857 Articulis
452 1765 480 1828 I.
497 1766 550 1828 De
566 1765 715 1847 legitima
731 1773 843 1830 aetate
876 1813 1160 1833 ······
1206 1790 1245 1850 99

104 1903 105 1906 ’
182 1910 266 1958 Aetas
276 1908 443 1957 novitiorum
452 1923 483 1956 ex
488 1909 550 1968 jure
561 1914 676 1958 naturae
685 1914 712 1958 et
722 1908 911 1967 decretalium,
925 1917 974 1968 164.
985 1937 1013 1944 -
1024 1909 1160 1958 Deaetate

154 1978 318 2037 oblatorum,
331 1979 541 2040 postulantium,
555 1988 617 2036 etc,
631 1987 681 2028 165.
939 1986 942 1994 '

273 2101 433 2168 Articulum
463 2104 507 2167 II.
540 2103 592 2165 De
619 2103 827 2182 ¹qualitatum
857 2103 1049 2185 cognitione
1083 2108 1162 2165 ante

579 2198 829 2262 constituenda.

317 2341 335 2422 ἓ
353 2364 380 2404 1.
398 2342 436 2402 Ia
451 2340 600 2403 institutis
615 2343 751 2404 virorum
761 2385 1155 2406 ........
1184 2360 1237 2403 tor

100 2487 104 2563 ξ
182 2499 269 2556 Leges
280 2497 361 2553 latae,
375 2504 424 2544 166.
437 2523 465 2531 -
476 2497 524 2544 Vis
536 2497 635 2556 prioris
640 2498 719 2557 juris,
734 2507 784 2556 167.
792 2526 820 2535 -
832 2499 874 2546 De
885 2497 982 2547 litteris
993 2495 1157 2546 testimonia·

99 2590 103 2634 3
152 2568 235 2626 libus,
259 2576 308 2617 168.
333 2594 360 2603 -
382 2566 456 2628 Quid
471 2567 493 2615 si
511 2568 617 2616 litterae
638 2569 822 2618 detrectentur
843 2572 886 2618 vel
904 2569 1029 2630 generale
1049 2574 1156 2617 tantum

99 2636 104 2693 ἶ
152 2639 311 2688 contineant
322 2636 518 2695 testimonium,
532 2647 582 2697 169.
595 2666 624 2674 -
636 2639 710 2700 Quid
725 2640 747 2687 si
764 2641 906 2698 postulans
922 2640 1004 2688 fuerit
1019 2638 1047 2688 in
1060 2639 1154 2696 sacris,

98 2712 104 2768 ξ
152 2726 202 2768 170.
215 2709 284 2758 -Si
297 2708 435 2768 professus
444 2709 557 2756 alterius
567 2710 672 2758 ordinis
683 2709 804 2759 novitius
819 2711 862 2759 vel
878 2711 1084 2768 secularizatus,
1102 2726 1152 2767 171.

97 2775 102 2850 J
149 2784 234 2830 -De
246 2779 379 2829 institutis
390 2779 569 2838 dioecesanis,
586 2795 636 2838 172.
1243 2781 1245 2787 ⁴

315 2901 376 2985 §a
393 2902 431 2965 Iu
444 2901 596 2964 institutis
611 2901 795 2966 monialium
814 2947 1155 2968 .......
1183 2920 1240 2981 104

181 3042 355 3102 Exploranda
365 3041 493 3090 voluntas
503 3040 540 3090 ab
552 3041 699 3102 Episcopo,
714 3051 755 3100 173

272 3164 433 3230 Articulum
447 3166 508 3228 III.
525 3167 577 3228 De
593 3166 664 3248 ipsa
681 3167 882 3257 admissione

315 3297 332 3380 ᾗ
350 3321 378 3361 1.
395 3298 444 3360 lte
453 3302 601 3379 potestate
614 3300 800 3362 admittendi
817 3345 1156 3364 .......
1184 3318 1239 3378 105

91 3499 92 3503 Ἰ
178 3439 227 3492 Jus
237 3452 382 3487 commune
393 3439 524 3496 virorum,
537 3456 587 3498 174.
600 3468 628 3476 -
638 3443 687 3506 Jus
698 3439 836 3500 peculiare
848 3440 956 3496 Italiae,
970 3445 1020 3496 175.
1032 3439 1153 3499 -Quod

90 3513 91 3524 ²
151 3508 187 3558 ad
198 3509 339 3568 moniales,
351 3518 400 3568 176.
411 3538 438 3545 -
450 3511 525 3573 Quid
536 3510 565 3558 in
577 3511 713 3561 Institutis
725 3511 906 3568 dioecesanis,
921 3527 971 3568 177·

315 3634 332 3716 ἓ
348 3652 378 3698 2.
395 3634 444 3696 De
458 3633 643 3718 obligatione
657 3634 842 3697 admittendi
857 3634 977 3718 dignm,
994 3631 1157 3716 repellendi

439 3728 539 3790 minius
555 3729 678 3792 idoneos
709 3775 1153 3793 .........
1182 3730 1238 3790 106

87 3879 88 3908 1
179 3868 271 3917 Causa
281 3873 307 3916 et
317 3869 388 3918 ratio
398 3869 584 3932 obligationis,
599 3881 649 3930 178.
661 3900 690 3908 -
700 3871 775 3934 Quid
783 3871 853 3931 juris
867 3872 894 3921 in
906 3873 1001 3932 dubio,
1015 3890 1065 3932 179.

314 3993 331 4075 ἓ
347 4015 377 4073 3.
393 3995 442 4056 De
455 3995 626 4078 gratuitate
641 3995 837 4060 admissionis
871 4045 1153 4064 ......
1182 4022 1238 4083 107

83 4162 84 4173 π
178 4137 321 4199 Principia
332 4144 359 4189 et
367 4140 412 4200 jus
423 4141 574 4200 positivum
586 4143 721 4192 Ordinum
734 4149 761 4192 et
772 4143 1028 4206 Congregationum‚
1041 4155 1090 4196 182.
1148 4189 1150 4194 .

417 4267 592 4349 Parergou.
609 4269 661 4330 De
678 4269 755 4330 dote
772 4271 987 4334 monialium.
1033 4319 1042 4335 .
1088 4319 1096 4336 .
1144 4279 1237 4336 ‚108

176 4403 210 4451 In
220 4405 393 4454 monasteriis
404 4408 514 4468 proprie
526 4408 616 4468 dictis,
631 4419 681 4460 181,
693 4438 722 4446 -
733 4412 814 4471 Apud
826 4426 940 4472 sorores,
954 4422 1003 4464 182.

1118 4501 1138 4541 iit
1149 4501 1169 4541 a
