3148 5004
362 423 430 485 XVI
801 452 900 487 suumn
916 453 1014 489 annun

1366 568 1398 610 Pa
1415 568 1422 609 i

444 636 503 700 III.
521 639 572 700 De
590 639 707 702 morali
725 639 795 702 voti
818 641 1029 724 paupertatis
1052 643 1320 708 consideratione
1335 652 1368 708 et
1400 582 1452 620 gna

553 734 594 796 de
609 734 692 797 vitio
709 735 881 798 contrario
913 783 1365 806 .........
1393 763 1447 823 151

389 872 529 936 Obligatio
537 875 594 924 voti
604 889 659 937 quo
667 882 780 936 spectet,
791 882 842 927 252.
852 904 881 913 -
892 877 1004 938 Species
1012 879 1132 937 moralis,
1143 887 1194 930 253.
1207 909 1234 918 -
1244 882 1362 932 Materia

358 950 472 1002 remota,
485 951 536 1005 254.
549 973 575 982 -
589 947 707 995 Materia
719 946 851 1006 proxima,
865 954 916 995 255.
933 957 962 983 ’-
973 951 1105 1009 Exempla
1115 951 1230 1000 vitiosae
1241 953 1363 1012 proprie-

358 1013 432 1070 tatis,
444 1021 495 1063 256.
517 1042 546 1050 -
565 1017 696 1076 Exempla
714 1022 828 1065 actuum
851 1018 897 1077 qui
919 1032 974 1067 non
995 1020 1176 1069 adversantur
1194 1023 1361 1083 paupertati,

359 1090 410 1139 257.
423 1109 451 1118 -
462 1083 536 1145 Quid
547 1084 569 1133 si
584 1098 692 1133 recuses
707 1098 750 1132 res
761 1082 877 1140 oblatas.
892 1092 943 1134 258.
961 1113 989 1122 -
1000 1088 1043 1134 De
1059 1091 1296 1148 procuratoribus,
1308 1097 1360 1141 etc.

358 1159 410 1212 259.
429 1181 451 1188 -
461 1153 603 1203 Licentiae
612 1153 705 1203 utendi
717 1155 760 1202 vel
771 1154 951 1213 expendendi,
964 1164 1015 1205 260.
1026 1184 1054 1192 —
1063 1158 1138 1220 Quid
1150 1159 1184 1207 de
1194 1160 1362 1210 dissensione

359 1226 430 1288 inter
443 1227 596 1284 praelatum
610 1225 740 1284 maj0rem
755 1233 782 1271 et
798 1224 964 1282 interiorem.
977 1235 1029 1275 261.
1046 1254 1075 1263 -
1086 1228 1214 1278 Licentia
1224 1237 1264 1278 est
1275 1245 1362 1292 aeque

358 1295 571 1354 interpretanda,
583 1303 635 1343 262.
652 1321 681 1328 -
692 1294 733 1341 De
745 1292 856 1341 licentia
867 1293 989 1343 indebite
1001 1295 1075 1353 data,
1088 1304 1139 1345 263.
1152 1324 1181 1333 -
1190 1298 1239 1346 Vis
1247 1288 1361 1358 promisl

357 1362 442 1414 sionis
452 1363 540 1412 factae
550 1378 567 1411 a
579 1364 714 1418 Praelato‚
727 1371 778 1421 264.
791 1390 819 1398 -
828 1364 908 1425 Quae
926 1364 1041 1412 materia
1057 1379 1139 1427 grave
1155 1357 1240 1416 iaciat
1250 1369 1359 1416 sacrile-

357 1435 441 1496 gium,
449 1433 677 1492 265.-Adjuncta
688 1431 1362 1497 quibusminuitursacrilegiigravitas‚266.-Per

357 1521 386 1555 se
392 1519 447 1553 non
455 1505 611 1553 coalescunt
619 1502 772 1562 sacrilegia,
784 1511 835 1560 267.
848 1531 877 1538 -
889 1505 930 1552 De
946 1504 1094 1554 comitante
1110 1506 1251 1565 injustitia,
1262 1515 1313 1558 268.
1331 1535 1360 1543 -

355 1579 398 1625 An
409 1575 519 1635 pigritia
534 1573 692 1621 adversetur
704 1573 837 1632 justitiae,
854 1582 905 1632 269.
922 1602 951 1609 —
969 1576 1012 1622 De
1034 1575 1160 1625 facienda
1179 1576 1359 1635 restitutione,

356 1663 408 1702 270.
425 1672 453 1679 —
469 1645 511 1692 De
521 1641 632 1691 casibus
642 1643 787 1692 reservatis
798 1643 826 1691 in
837 1643 889 1692 hac
899 1658 938 1702 re,
951 1661 1003 1702 271.
1015 1673 1044 1682 -
1056 1647 1098 1695 De
1109 1645 1171 1696 aliis
1182 1645 1279 1706 poenis
1292 1645 1365 1707 juris

356 1713 518 1773 communis,
530 1729 582 1772 272.

439 1852 498 1915 IV.
514 1853 566 1914 De
582 1851 712 1935 peculio
744 1895 1361 1920 ............
1390 1860 1446 1918 162

385 1995 469 2045 Notio
487 1996 598 2056 peculii,
619 2003 670 2052 273.
690 2022 718 2030 -
738 1995 844 2044 Peculii
863 1997 978 2056 species,
999 2013 1051 2057 274.
1071 2023 1098 2034 -
1115 1999 1247 2058 Exempla
1258 1996 1360 2059 quibus

356 2067 528 2128 specietenus
546 2071 652 2115 tantum
667 2064 785 2116 habetur
799 2067 948 2126 peculium,
965 2074 1017 2125 275.
1031 2095 1058 2104 -
1069 2068 1133 2116 Veri
1152 2069 1254 2128 peculii
1275 2083 1359 2117 exem·
1408 2097 1410 2101 v

355 2138 411 2198 pla,
428 2146 479 2194 276.
497 2164 525 2173 -
540 2136 615 2198 Quid
630 2136 665 2184 de
680 2137 918 2186 administratione
931 2147 1029 2191 rerum,
1042 2154 1095 2196 277.
1111 2166 1139 2175 -
1156 2139 1231 2199 Quid
1247 2139 1280 2187 de
1290 2138 1360 2188 vita·

357 2208 432 2265 litiis,
445 2217 496 2266 278.
509 2236 537 2244 -
549 2208 663 2256 Moralis
674 2213 700 2255 et
709 2207 830 2267 juridica
841 2208 998 2256 aestimatio
1008 2209 1110 2269 peculii
1126 2209 1195 2269 juris
1206 2210 1318 2270 perfecti
1333 2216 1360 2261 et

357 2278 519 2338 imperfecti,
531 2293 582 2338 279.
599 2305 625 2314 -
644 2279 687 2326 De
699 2277 760 2337 jure
775 2283 803 2326 et
817 2277 908 2328 officio
925 2278 1045 2327 Praelati
1059 2278 1086 2327 in
1101 2279 1154 2328 hac
1165 2293 1200 2333 re,
1214 2288 1266 2330 280.
1279 2282 1360 2329 -De

356 2355 446 2398 mente
458 2349 608 2406 Ecclesiae,
621 2358 672 2398 281.

438 2484 481 2547 V.
505 2484 556 2545 De
579 2484 757 2546 Munerum
780 2482 957 2562 largitione
968 2528 1361 2548 ........
1388 2491 1443 2564 165

384 2626 451 2691 Jura
462 2625 517 2672 lata
528 2622 561 2671 de
572 2622 624 2671 hac
635 2636 674 2679 re,
688 2630 738 2671 282.

520 2757 589 2839 §a
612 2757 661 2818 De
683 2761 750 2818 voto
772 2756 973 2819 castitatis.
1020 2802 1028 2819 .
1075 2802 1083 2819 .
1117 2723 1118 2727 Ἰ
1130 2803 1360 2822 .....
1387 2765 1443 2822 266

382 2900 432 2949 Vis
442 2899 498 2948 voti
518 2898 546 2948 in
557 2898 724 2954 universum,
737 2905 789 2947 283.
808 2925 836 2932 -
851 2897 983 2958 Regimen
993 2895 1049 2945 voti
1067 2897 1205 2945 sollemnis
1215 2901 1242 2944 et
1253 2896 1355 2957 simpli·

353 2968 402 3028 cis,
414 2977 466 3028 284·
483 2997 512 3004 -
529 2967 671 3017 Praesidia
687 2965 766 3014 istius
777 2966 843 3024 voti,
856 2974 907 3016 285.
925 2994 954 3001 -
965 2969 1007 3014 De
1017 2972 1132 3028 peccato
1144 2973 1290 3026 reservato,
1303 2975 1355 3020 286.

519 3101 536 3181 ἓ
559 3121 589 3179 3.
612 3100 661 3160 De
683 3103 752 3159 voto
774 3097 961 3160 obedientiae

436 3244 463 3306 Ι.
485 3244 537 3306 De
561 3243 656 3304 varia
678 3241 858 3304 honestate
880 3223 1091 3305 obedientiae
1114 3262 1154 3304 ex
1177 3243 1303 3305 virtute
1326 3249 1360 3304 et

538 3344 619 3401 voto
633 3382 1137 3403 ..........
1151 3393 1154 3400 ,
1185 3383 1192 3399 .
1239 3381 1248 3398 .
1294 3381 1301 3398 .
1349 3341 1441 3399 .168

380 3481 465 3529 Varia
483 3480 657 3529 obedientiae
675 3479 754 3538 ratio,
774 3489 827 3538 287.
844 3508 873 3516 -
893 3482 936 3529 De
951 3486 1015 3530 voto
1034 3476 1208 3528 obedientiae
1218 3475 1355 3538 religioso-

351 3564 422 3607 rum,
434 3558 486 3600 288.

435 3673 477 3736 ΙΙ.
493 3673 546 3736 De
560 3674 594 3737 vi
610 3674 681 3737 voti
696 3674 907 3738 obedientiae
929 3680 963 3737 et
977 3671 1127 3755 peccatis
1144 3670 1335 3735 contrariis.
1383 3676 1440 3752 169

380 3829 423 3876 De
433 3832 497 3876 voto
513 3829 636 3877 sollemni
652 3837 679 3877 et
694 3829 812 3889 privam,
830 3838 881 3888 289.
899 3825 1113 3888 -Quibusnam
1130 3825 1165 3873 sit
1176 3838 1207 3872 ex
1218 3831 1282 3873 voto
1293 3827 1354 3872 obe-

350 3896 490 3954 diendum,
503 3916 554 3956 29ο.
571 3927 600 3934 -
613 3899 731 3947 Materia
743 3899 798 3948 voti
810 3903 924 3953 remota,
941 3915 992 3955 291.
1009 3923 1038 3931 -
1049 3895 1123 3957 Quid
1135 3895 1158 3943 si
1169 3897 1264 3956 regula
1279 3895 1354 3943 dicat

350 3968 504 4028 parendum
515 3969 543 4016 in
551 3968 688 4026 omnibus,
699 3988 750 4027 292.
761 3997 789 4004 -
798 3971 840 4017 De
851 3966 960 4015 actibus
972 3967 1094 4022 internis,
1107 3974 1158 4024 293.
1173 3992 1199 3999 —
1210 3965 1353 4026 Quaenam

351 4039 453 4099 imponi
475 4039 561 4098 possit
584 4039 720 4087 restitutio
743 4039 914 4098 disciplinae,
938 4056 989 4096 294·
1011 4064 1040 4072 —
1061 4036 1136 4097 Quid
1157 4035 1185 4084 in
1206 4035 1299 4084 dubiis
1319 4038 1354 4086 de

349 4115 483 4169 potestate
499 4110 653 4169 Superioris
664 4111 706 4156 vel
718 4110 752 4156 de
766 4109 909 4157 honestate
925 4108 974 4165 rei,
993 4114 1043 4166 295.
1059 4135 1085 4143 -
1099 4105 1163 4155 Voti
1179 4103 1353 4156 obedientiae

350 4180 464 4230 materia
475 4181 607 4239 proxima,
625 4189 676 4238 296.
694 4207 722 4214 -
733 4180 824 4228 Notae
839 4181 978 4240 praecepti
991 4179 1084 4227 stricte
1096 4178 1167 4237 talis,
1181 4195 1231 4236 297.
1245 4205 1273 4212 -
1286 4181 1352 4227 Pec-

350 4257 412 4300 cata
430 4257 525 4299 contra
536 4257 639 4306 votum,
660 4259 711 4308 298.
733 4276 761 4285 -
780 4251 822 4298 De
840 4250 952 4298 malitiis
970 4250 1106 4310 specificis
1124 4251 1229 4311 peccati
1254 4256 1350 4298 contra

349 4330 454 4377 votum,
473 4339 524 4379 299.
541 4348 570 4356 -
587 4323 644 4369 Cur
660 4335 716 4369 non
734 4325 853 4381 praestet
871 4320 1026 4382 frequenter
1046 4323 1205 4381 praecipere
1221 4321 1274 4370 sub
1290 4335 1351 4382 pec-

350 4399 421 4451 cato,
433 4401 485 4440 300.
1158 4414 1161 4418 ·
