3142 5004
20 4503 48 4586 l*

126 479 311 561 [243-245]
415 503 452 539 nn
466 501 700 539 osarourroureus
715 479 853 537 ararorosr
869 502 996 538 rnorassr
1154 478 1214 543 147

125 640 258 700 tantum
274 633 406 698 ratione
429 634 579 698 animum
595 634 719 698 domini
734 634 861 698 habere
882 640 1024 718 possunt
1047 653 1113 716 qua
1128 654 1212 717 opus

125 724 176 780 est
207 722 244 778 ut
285 716 429 782 satisfiat
463 719 600 780 decreto
629 717 730 780 civili.
759 719 795 780 Id
826 719 1047 780 confirmatur
1075 717 1212 780 decreto

126 800 163 864 S.
201 799 487 880 Congregationis
511 801 758 884 Episcoporum
794 809 827 862 et
863 801 1094 879 Regularium‚
1131 819 1209 881 quo,

126 903 145 964 7
161 881 239 946 ¹maii
259 888 348 962 1883,
365 883 445 946 illud
461 883 598 946 indulsit
613 885 680 946 FF.
697 883 883 945 Minoribus
900 881 1086 965 CapulatiS,
1111 883 1210 946 modo

126 965 160 1030 bi
176 965 385 1048 possiderent
397 965 531 1028 nomine
544 966 580 1030 S.
594 966 689 1029 Sedis
704 965 726 1030 ¹.
741 964 811 1029 Cfr.
825 966 876 1027 De
891 965 1041 1046 Angelis,
1058 964 1210 1028 Praeleel.

119 1047 187 1129 jur.
206 1067 276 1110 ean.
293 1065 344 1126 111,
360 1067 393 1130 p.
414 1054 483 1129 167,
499 1061 545 1130 4⁰.

167 1132 258 1196 245.
284 1131 327 1193 II.
346 1132 453 1214 ,Quod
475 1135 517 1194 ad
539 1142 665 1194 votum
687 1132 831 1193 triennii
860 1131 1093 1209 professionis
1125 1132 1210 1192 sim-

127 1215 232 1290 plicis
247 1211 282 1274 in
297 1211 501 1276 Ordinibus:

172 1317 199 1358 r.
232 1295 303 1359 Voti
324 1295 471 1377 simplicis
497 1295 706 1378 paupertatis
732 1297 797 1358 hae
824 1301 925 1358 notae
954 1295 1041 1357 tradi
1070 1300 1212 1378 possunt

126 1387 289 1458 tanquam
309 1379 429 1460 generis
454 1398 637 1455 communes,
665 1379 754 1460 quod
780 1398 848 1441 non
874 1379 985 1440 aufert
1011 1384 1213 1459 potestatem

127 1460 274 1538 dominii,
292 1469 326 1522 et
343 1462 554 1542 quorundam
579 1461 744 1524 bonorum
762 1460 925 1543 permittit
947 1461 1131 1524 dominium
1148 1461 1213 1523 sal-

127 1549 194 1606 tem
213 1543 370 1605 radicale.
479 1549 482 1556 '

169 1645 199 1686 e.
231 1625 405 1687 Peculiare
435 1632 548 1687 autern
579 1626 727 1705 regimen
761 1645 827 1705 quo
861 1630 1003 1688 utuntur
1034 1623 1214 1707 simpliciter

122 1705 256 1787 professi
278 1708 434 1768 Ordinmn
455 1707 660 1788 regularium,
688 1714 740 1768 est
763 1729 783 1769 a
808 1708 868 1770 Pio
890 1725 936 1784 rx,
960 1709 1096 1770 decreto
1116 1707 1214 1776 Sane-

128 1788 279 1866 lessimns,
297 1789 350 1850 die
368 1811 403 1852 12
416 1788 608 1870 jun.'r858‚
627 1809 687 1871 pro
709 1788 834 1852 Ordine
849 1792 917 1854 FF.
937 1792 1214 1854 Praedicatorum

128 1881 163 1932 et
179 1870 252 1932 aliis
270 1870 323 1950 qui
342 1871 373 1934 id
386 1878 538 1951 peterent
554 1874 577 1948 ²,
596 1873 643 1933 ita
659 1872 855 1934 definitum:

170 1957 203 2032 a)
233 1953 380 2016 Servant
409 1953 464 2016 isti
497 1953 639 2034 professi
670 1954 854 2018 dominium
882 1953 1020 2017 radicale
1047 1956 1214 2018 bonorum

127 2054 266 2098 snorum.

135 2189 139 2198 ¹
170 2116 322 2180 Radieale
334 2119 517 2182 dominium
533 2120 587 2182 hic
600 2117 923 2201 opponituruaelnali
938 2125 1055 2199 estque
1074 2118 1130 2200 jns
1142 2118 1214 2180 sine

129 2220 186 2262 usn
202 2201 287 2278 eius,
302 2202 371 2263 fere
384 2201 471 2264 sicut
479 2203 535 2283 jus
552 2205 585 2264 in
598 2222 720 2283 corpus
737 2221 854 2265 eorum
871 2201 1052 2282 conjugum
1068 2201 1123 2280 qui
1135 2207 1214 2263 ante

131 2283 381 2345 matrimonium
399 2295 536 2366 pactum
559 2285 709 2347 fecerunt
727 2286 767 2346 de
792 2304 858 2345 non
875 2303 939 2345 usu
952 2282 1064 2347 teir.
1082 2283 1212 2361 Lucidi,

128 2365 177 2426 De
197 2365 390 2443 Visilalione,
406 2383 443 2443 11,
462 2386 492 2430 c.
512 2386 527 2445 5
544 2367 561 2449 ,ὅ
576 2373 607 2445 8,
622 2389 657 2431 n.
674 2389 747 2448 313.

169 2448 260 2510 Bona
275 2455 378 2510 antem
399 2470 456 2510 sna
480 2451 667 2532 inteiligas:
686 2454 717 2528 α)
735 2452 786 2514 Ea
810 2468 895 2530 quae
915 2455 993 2510 ante
1010 2454 1091 2511 vota
1107 2446 1213 2529 possi·

128 2529 253 2593 debant
282 2551 467 2612 eorumque
501 2533 645 2612 fructus,
676 2533 783 2596 donec
816 2531 993 2593 usufructu
1026 2530 1211 2608 cesserint;

128 2609 162 2696 β)
179 2614 276 2677 Bona
293 2634 378 2694 quae
400 2635 441 2677 ex
456 2615 624 2679 hereditate
645 2617 778 2678 nomine
803 2615 939 2696 proprio
955 2615 995 2676 ad
1019 2614 1109 2695 ipsos
1125 2613 1214 2674 defe-

127 2704 252 2759 runtur
267 2700 320 2760 vel
337 2717 379 2759 ex
400 2697 502 2780 legato
525 2700 605 2782 ipsis
624 2725 638 2756 α
657 2698 880 2781 personaliter
898 2724 911 2753 »
931 2696 1020 2759 facto
1035 2696 1211 2774 obtinent;

127 2783 158 2866 p)
172 2779 363 2858 Bonaquae
377 2781 455 2861 ipsis
469 2801 534 2843 non
548 2783 671 2845 intuitu
685 2779 894 2857 monasterii,
904 2782 957 2841 vel
970 2799 1036 2860 qua
1049 2797 1214 2861 personae

129 2871 208 2922 sunt
237 2862 426 2941 religiosae,
451 2866 507 2926 sed
543 2866 665 2927 intuitu
689 2865 838 2946 ipsorum
870 2882 1035 2944 personae
1062 2865 1214 2942 privatae

129 2943 299 3004 donantur
321 2963 397 3004 cum
414 2945 548 3007 licentia
570 2949 804 3028 superiorum:
820 2965 886 3026 qua
899 2945 1086 3022 deficiente,
1100 2944 1213 3007 illicite

130 3042 196 3085 non
213 3032 325 3084 tamen
343 3027 487 3087 invalide
502 3029 651 3091 animum
667 3029 862 3108 acquirendi
876 3029 1053 3089 haberent.

170 3106 265 3188 Quae
278 3113 392 3166 autem
404 3106 558 3170 industria
569 3111 696 3191 propria
714 3117 921 3191 comparant,
946 3117 1067 3190 utputa
1089 3112 1214 3193 stipen-

129 3189 194 3265 dia,
212 3189 444 3268 eleemosynas
458 3209 519 3270 pro
531 3192 736 3262 ministeriis,
751 3202 830 3268 ete,
846 3192 1014 3272 pertinent
1027 3192 1068 3251 ad
1081 3211 1214 3254 monas·

130 3272 262 3334 terium.
279 3270 348 3333 cfr.
366 3271 565 3350 Bucceroni,
587 3273 689 3336 Theol.
707 3293 785 3335 inor.
802 3294 834 3355 p.
853 3278 903 3353 76,
921 3295 954 3334 n.
969 3295 1021 3354 34.

170 3353 202 3433 b)
220 3354 317 3436 Quod
339 3355 381 3438 ad
404 3353 493 3416 bona
516 3372 659 3435 quorum
682 3358 829 3418 retinent
851 3356 1048 3436 dominium,
1077 3355 1214 3417 omnino

130 3435 202 3498 istis
237 3435 397 3517 professis
435 3435 646 3501 interdicitur
680 3437 984 3516 administratione,
1022 3437 1214 3500 reddituum

130 3520 340 3600 erogatione,
358 3525 461 3599 atque
475 3539 551 3584 usu.

171 3607 201 3680 c)
231 3603 363 3665 Debent
393 3611 583 3684 propterea,
614 3609 684 3665 ante
706 3602 926 3684 professionem
955 3610 1111 3663 votorum
1137 3602 1215 3664 sim-

130 3685 275 3765 plicium,
309 3685 426 3747 cedere
460 3705 520 3766 pro
551 3692 700 3766 tempore
730 3705 796 3766 quo
837 3687 870 3747 in
900 3685 1017 3746 eadem
1055 3691 1214 3747 votorum

131 3766 328 3846 simplicium
352 3767 560 3849 professione
584 3767 842 3850 permanserint,
866 3767 1167 3830 administrationem
1188 3769 1211 3845 ⁴,

133 3848 360 3928 nsumsrnclnm
376 3858 409 3912 et
422 3871 523 3929 usam,
538 3852 658 3932 quibus
674 3853 722 3914 eis
735 3851 911 3933 placuerit,
925 3856 1026 3929 atque
1038 3849 1140 3912 etiam
1151 3869 1214 3913 suo

160 4031 166 4064 ¹
179 4028 241 4076 Piat
250 4030 267 4076 l.
278 4043 302 4077 c.
311 4045 337 4088 p.
347 4038 397 4088 239.
407 4032 471 4085 Jure
482 4031 554 4080 enim
564 4030 697 4092 peculiari
708 4030 788 4080 istius
797 4027 919 4078 Instituti
929 4029 987 4088 ejus
995 4027 1069 4077 bona
1079 4027 1216 4088 pertinent

130 4088 165 4135 ad
177 4087 275 4135 Sedem
287 4101 438 4152 romanam.
558 4127 561 4132 .

158 4145 235 4194 ²Cfr.
249 4146 381 4200 Bizzarn,
394 4159 420 4205 p.
433 4155 485 4205 908,
498 4148 597 4203 Sentis,
609 4161 636 4206 p.
649 4156 686 4196 86.

129 4205 211 4314 Dlpn
226 4205 290 4258 Jure
305 4203 459 4252 dominium
473 4205 595 4253 radicale
609 4204 759 4265 opponitur
774 4201 896 4253 dominio
911 4202 982 4252 utili.
996 4202 1052 4251 Cir.
1066 4202 1216 4262 Quaestiones

155 4277 166 4309 e
196 4265 358 4311 ustitiam
423 4271 483 4316 6‚c.

157 4269 562 4380 ⁴Aamlnlinaniiiiungenda
576 4325 617 4368 est
633 4335 666 4369 ea
681 4335 752 4382 quae
768 4334 810 4368 res
826 4323 867 4368 est
878 4319 957 4379 juris¹
971 4317 989 4367 i.
1002 4333 1026 4367 e.
1044 4332 1100 4378 qua
1115 4317 1216 4378 aliquis

129 4379 238 4425 nomine
249 4386 275 4425 et
285 4377 421 4426 arbitratu
433 4392 483 4426 suo
494 4379 562 4438 gerit
570 4378 653 4436 bona,
663 4394 717 4427 non
728 4379 774 4427 illa
782 4392 837 4438 qua
848 4391 913 4437 agas
923 4383 1060 4425 annuente
1071 4377 1157 4441 altero
1168 4375 1215 4436 qui

130 4436 215 4494 possit
231 4436 266 4482 ad
282 4436 429 4485 arbitrium
444 4451 524 4484 suum
536 4445 642 4486 mutare
657 4437 829 4485 sententiam.
843 4435 974 4487 Similiter
984 4449 1038 4482 nsns
1049 4438 1090 4481 est
1099 4433 1145 4482 hic
1161 4448 1216 4483 non

130 4493 252 4553 risnsjacll
263 4494 311 4541 sed
321 4508 386 4541 usus
394 4494 472 4554 juris.
486 4495 541 4542 Cfr.
557 4494 697 4552 Palmieri‚
709 4510 736 4543 n.
751 4513 802 4553 104.

1297 1148 1388 1196 Votum·

1265 1207 1362 1266 simplex
1368 1211 1427 1267 pnn-

1261 1266 1363 1333 perlelr's
1400 1266 1426 1312 in

1266 1321 1399 1440 iilia
