<?xml version="1.0" encoding="UTF-8"?>
<!DOCTYPE html PUBLIC "-//W3C//DTD XHTML 1.0 Transitional//EN"
    "http://www.w3.org/TR/xhtml1/DTD/xhtml1-transitional.dtd">
<html xmlns="http://www.w3.org/1999/xhtml" xml:lang="en" lang="en">
 <head>
  <title>
</title>
<meta http-equiv="Content-Type" content="text/html;charset=utf-8" />
  <meta name='ocr-system' content='tesseract 3.04.00' />
  <meta name='ocr-capabilities' content='ocr_page ocr_carea ocr_par ocr_line ocrx_word'/>
</head>
<body>
  <div class='ocr_page' id='page_1' title='image "./dereligiosisins00vermgoog_0094.png"; bbox 0 0 3148 5004; ppageno 0'>
   <div class='ocr_carea' id='block_1_1' title="bbox 155 461 1251 561">
    <p class='ocr_par' dir='ltr' id='par_1_1' title="bbox 155 461 1251 561">
     <span class='ocr_line' id='line_1_1' title="bbox 155 461 1251 561; baseline -0.007 -19"><span class='ocrx_word' id='word_1_1' title='bbox 155 461 290 560; x_wconf 75' lang='lat'><strong><em>[91·94]</em></strong></span> <span class='ocrx_word' id='word_1_2' title='bbox 503 500 539 534; x_wconf 79' lang='lat' dir='ltr'><strong>ns</strong></span> <span class='ocrx_word' id='word_1_3' title='bbox 553 499 711 537; x_wconf 68' lang='lat' dir='ltr'><strong>vanissime</strong></span> <span class='ocrx_word' id='word_1_4' title='bbox 728 485 904 535; x_wconf 74' lang='lat' dir='ltr'><strong>nemorosum</strong></span> <span class='ocrx_word' id='word_1_5' title='bbox 1098 555 1101 561; x_wconf 87' lang='lat'><strong>.</strong></span> <span class='ocrx_word' id='word_1_6' title='bbox 1212 477 1251 540; x_wconf 76' lang='grc'><strong>59</strong></span> 
     </span>
    </p>
   </div>
   <div class='ocr_carea' id='block_1_2' title="bbox 152 623 1250 876">
    <p class='ocr_par' dir='ltr' id='par_1_2' title="bbox 152 623 1250 876">
     <span class='ocr_line' id='line_1_2' title="bbox 189 623 1249 714; baseline 0 -21"><span class='ocrx_word' id='word_1_7' title='bbox 189 623 284 693; x_wconf 80' lang='lat' dir='ltr'><strong>Haeo</strong></span> <span class='ocrx_word' id='word_1_8' title='bbox 300 645 403 692; x_wconf 85' lang='lat' dir='ltr'><strong>tamen</strong></span> <span class='ocrx_word' id='word_1_9' title='bbox 428 631 495 690; x_wconf 83' lang='lat' dir='ltr'><strong>laus</strong></span> <span class='ocrx_word' id='word_1_10' title='bbox 517 642 546 689; x_wconf 88' lang='lat' dir='ltr'><strong>et</strong></span> <span class='ocrx_word' id='word_1_11' title='bbox 567 634 748 714; x_wconf 77' lang='lat' dir='ltr'><strong>praestantia</strong></span> <span class='ocrx_word' id='word_1_12' title='bbox 771 635 849 691; x_wconf 85' lang='lat' dir='ltr'><strong>vitae</strong></span> <span class='ocrx_word' id='word_1_13' title='bbox 871 634 982 692; x_wconf 82' lang='lat' dir='ltr'>mixtae</span> <span class='ocrx_word' id='word_1_14' title='bbox 1005 652 1109 692; x_wconf 89' lang='lat' dir='ltr'><strong>eorum</strong></span> <span class='ocrx_word' id='word_1_15' title='bbox 1132 644 1249 694; x_wconf 89' lang='lat' dir='ltr'><strong>tantum</strong></span> 
     </span>
     <span class='ocr_line' id='line_1_3' title="bbox 152 715 1250 800; baseline 0.002 -23"><span class='ocrx_word' id='word_1_16' title='bbox 152 721 206 797; x_wconf 87' lang='lat' dir='ltr'><strong>erit</strong></span> <span class='ocrx_word' id='word_1_17' title='bbox 218 736 347 800; x_wconf 86' lang='lat' dir='ltr'><strong>quorum</strong></span> <span class='ocrx_word' id='word_1_18' title='bbox 372 716 610 797; x_wconf 86' lang='lat' dir='ltr'><strong>pietatisstudia</strong></span> <span class='ocrx_word' id='word_1_19' title='bbox 633 716 662 773; x_wconf 91' lang='lat' dir='ltr'><strong>id</strong></span> <span class='ocrx_word' id='word_1_20' title='bbox 681 715 815 775; x_wconf 90' lang='lat' dir='ltr'><strong>efficiunt</strong></span> <span class='ocrx_word' id='word_1_21' title='bbox 837 727 869 775; x_wconf 92' lang='lat' dir='ltr'><strong>ut</strong></span> <span class='ocrx_word' id='word_1_22' title='bbox 892 736 995 776; x_wconf 88' lang='lat' dir='ltr'><strong>eorum</strong></span> <span class='ocrx_word' id='word_1_23' title='bbox 1019 736 1109 792; x_wconf 87' lang='lat' dir='ltr'><strong>opera</strong></span> <span class='ocrx_word' id='word_1_24' title='bbox 1132 737 1201 776; x_wconf 89' lang='lat' dir='ltr'><strong>vere</strong></span> <span class='ocrx_word' id='word_1_25' title='bbox 1214 737 1250 780; x_wconf 78' lang='lat' dir='ltr'><strong>ex</strong></span> 
     </span>
     <span class='ocr_line' id='line_1_4' title="bbox 153 800 965 876; baseline -0.001 -17"><span class='ocrx_word' id='word_1_26' title='bbox 153 803 243 875; x_wconf 82' lang='lat' dir='ltr'><strong>stirpe</strong></span> <span class='ocrx_word' id='word_1_27' title='bbox 256 800 524 873; x_wconf 86' lang='lat' dir='ltr'>contemplationis</span> <span class='ocrx_word' id='word_1_28' title='bbox 538 812 709 859; x_wconf 85' lang='lat' dir='ltr'><strong>nascantur.</strong></span> <span class='ocrx_word' id='word_1_29' title='bbox 741 873 743 876; x_wconf 22' lang='grc' dir='ltr'>Ι</span> <span class='ocrx_word' id='word_1_30' title='bbox 961 804 965 821; x_wconf 80' lang='lat'><em>&#39;</em></span> 
     </span>
    </p>
   </div>
   <div class='ocr_carea' id='block_1_3' title="bbox 128 897 1248 2632">
    <p class='ocr_par' dir='ltr' id='par_1_3' title="bbox 128 897 1248 1313">
     <span class='ocr_line' id='line_1_5' title="bbox 128 897 1246 984; baseline 0 -22"><span class='ocrx_word' id='word_1_31' title='bbox 128 913 130 916; x_wconf 82' lang='grc'><strong>’</strong></span> <span class='ocrx_word' id='word_1_32' title='bbox 195 922 236 980; x_wconf 81' lang='lat'><strong>2.=</strong></span> <span class='ocrx_word' id='word_1_33' title='bbox 252 898 416 962; x_wconf 90' lang='lat' dir='ltr'><strong>Ubifinis</strong></span> <span class='ocrx_word' id='word_1_34' title='bbox 443 897 544 961; x_wconf 86' lang='lat' dir='ltr'><strong>fuerit</strong></span> <span class='ocrx_word' id='word_1_35' title='bbox 566 899 694 976; x_wconf 91' lang='lat' dir='ltr'><strong>similis,</strong></span> <span class='ocrx_word' id='word_1_36' title='bbox 713 900 755 962; x_wconf 91' lang='lat' dir='ltr'><strong>ad</strong></span> <span class='ocrx_word' id='word_1_37' title='bbox 781 899 882 962; x_wconf 78' lang='lat' dir='ltr'><strong>medio</strong></span> <span class='ocrx_word' id='word_1_38' title='bbox 909 900 1154 984; x_wconf 87' lang='lat' dir='ltr'><strong>respiciendum</strong></span> <span class='ocrx_word' id='word_1_39' title='bbox 1183 906 1246 978; x_wconf 90' lang='lat' dir='ltr'><strong>est,</strong></span> 
     </span>
     <span class='ocr_line' id='line_1_6' title="bbox 157 980 1248 1067; baseline 0.002 -24"><span class='ocrx_word' id='word_1_40' title='bbox 157 1001 243 1062; x_wconf 91' lang='lat' dir='ltr'><strong>quae</strong></span> <span class='ocrx_word' id='word_1_41' title='bbox 272 980 455 1062; x_wconf 75' lang='lat' dir='ltr'><strong>aptitudine,</strong></span> <span class='ocrx_word' id='word_1_42' title='bbox 481 1001 601 1063; x_wconf 73' lang='lat' dir='ltr'><strong>genere,</strong></span> <span class='ocrx_word' id='word_1_43' title='bbox 630 1001 767 1060; x_wconf 72' lang='lat' dir='ltr'><strong>tatemere,</strong></span> <span class='ocrx_word' id='word_1_44' title='bbox 798 983 863 1045; x_wconf 89' lang='lat' dir='ltr'><strong>alia</strong></span> <span class='ocrx_word' id='word_1_45' title='bbox 886 983 958 1045; x_wconf 93' lang='lat' dir='ltr'><strong>aliis</strong></span> <span class='ocrx_word' id='word_1_46' title='bbox 995 1005 1069 1047; x_wconf 92' lang='lat' dir='ltr'><strong>esse</strong></span> <span class='ocrx_word' id='word_1_47' title='bbox 1105 989 1248 1067; x_wconf 85' lang='lat' dir='ltr'>possunt</span> 
     </span>
     <span class='ocr_line' id='line_1_7' title="bbox 160 1063 311 1127; baseline -0.007 0"><span class='ocrx_word' id='word_1_48' title='bbox 160 1063 311 1127; x_wconf 85' lang='lat' dir='ltr'><strong>meliora.</strong></span> 
     </span>
     <span class='ocr_line' id='line_1_8' title="bbox 166 1144 1246 1234; baseline 0.002 -27"><span class='ocrx_word' id='word_1_49' title='bbox 166 1171 169 1178; x_wconf 56' lang='lat'><strong>⁴</strong></span> <span class='ocrx_word' id='word_1_50' title='bbox 199 1144 400 1226; x_wconf 75' lang='lat' dir='ltr'><strong>Aptitudine:</strong></span> <span class='ocrx_word' id='word_1_51' title='bbox 416 1164 482 1225; x_wconf 92' lang='lat' dir='ltr'><strong>quo</strong></span> <span class='ocrx_word' id='word_1_52' title='bbox 497 1145 585 1209; x_wconf 91' lang='lat' dir='ltr'><strong>enim</strong></span> <span class='ocrx_word' id='word_1_53' title='bbox 597 1145 704 1228; x_wconf 88' lang='lat' dir='ltr'><strong>magis</strong></span> <span class='ocrx_word' id='word_1_54' title='bbox 718 1147 825 1210; x_wconf 86' lang='lat' dir='ltr'><strong>media</strong></span> <span class='ocrx_word' id='word_1_55' title='bbox 838 1147 895 1209; x_wconf 88' lang='lat' dir='ltr'><strong>fini</strong></span> <span class='ocrx_word' id='word_1_56' title='bbox 907 1153 1189 1234; x_wconf 81' lang='lat' dir='ltr'><strong>attemperantur,</strong></span> <span class='ocrx_word' id='word_1_57' title='bbox 1206 1167 1246 1210; x_wconf 87' lang='lat' dir='ltr'><strong>eo</strong></span> 
     </span>
     <span class='ocr_line' id='line_1_9' title="bbox 159 1229 1244 1313; baseline 0.003 -23"><span class='ocrx_word' id='word_1_58' title='bbox 159 1229 340 1310; x_wconf 87' lang='lat' dir='ltr'><strong>perfectior</strong></span> <span class='ocrx_word' id='word_1_59' title='bbox 355 1229 569 1291; x_wconf 86' lang='lat' dir='ltr'><strong>existimatur</strong></span> <span class='ocrx_word' id='word_1_60' title='bbox 585 1249 639 1290; x_wconf 92' lang='lat' dir='ltr'><strong>res</strong></span> <span class='ocrx_word' id='word_1_61' title='bbox 656 1249 742 1308; x_wconf 90' lang='lat' dir='ltr'><strong>quae</strong></span> <span class='ocrx_word' id='word_1_62' title='bbox 764 1230 828 1293; x_wconf 90' lang='lat' dir='ltr'><strong>hac</strong></span> <span class='ocrx_word' id='word_1_63' title='bbox 850 1238 993 1293; x_wconf 88' lang='lat' dir='ltr'><strong>ornatur</strong></span> <span class='ocrx_word' id='word_1_64' title='bbox 1016 1231 1244 1313; x_wconf 89' lang='lat' dir='ltr'><strong>proportione.</strong></span> 
     </span>
    </p>

    <p class='ocr_par' dir='ltr' id='par_1_4' title="bbox 157 1311 1246 1560">
     <span class='ocr_line' id='line_1_10' title="bbox 202 1311 1246 1394; baseline 0.003 -21"><span class='ocrx_word' id='word_1_65' title='bbox 202 1311 334 1373; x_wconf 74' lang='lat' dir='ltr'><strong>Genera:</strong></span> <span class='ocrx_word' id='word_1_66' title='bbox 350 1311 610 1374; x_wconf 82' lang='lat' dir='ltr'><strong>exercitationes</strong></span> <span class='ocrx_word' id='word_1_67' title='bbox 626 1311 714 1374; x_wconf 80' lang='lat' dir='ltr'><strong>eninr</strong></span> <span class='ocrx_word' id='word_1_68' title='bbox 727 1331 786 1374; x_wconf 90' lang='lat' dir='ltr'><strong>seu</strong></span> <span class='ocrx_word' id='word_1_69' title='bbox 799 1319 895 1374; x_wconf 92' lang='lat' dir='ltr'><strong>actus</strong></span> <span class='ocrx_word' id='word_1_70' title='bbox 912 1313 1026 1376; x_wconf 90' lang='lat' dir='ltr'><strong>variae</strong></span> <span class='ocrx_word' id='word_1_71' title='bbox 1049 1319 1128 1378; x_wconf 89' lang='lat' dir='ltr'><strong>sunt</strong></span> <span class='ocrx_word' id='word_1_72' title='bbox 1140 1313 1246 1394; x_wconf 89' lang='lat' dir='ltr'><strong>digni·</strong></span> 
     </span>
     <span class='ocr_line' id='line_1_11' title="bbox 159 1393 1246 1477; baseline 0.005 -23"><span class='ocrx_word' id='word_1_73' title='bbox 159 1393 251 1457; x_wconf 90' lang='lat' dir='ltr'><strong>tatis.</strong></span> <span class='ocrx_word' id='word_1_74' title='bbox 274 1394 326 1455; x_wconf 92' lang='lat' dir='ltr'><strong>Ita</strong></span> <span class='ocrx_word' id='word_1_75' title='bbox 350 1394 386 1456; x_wconf 87' lang='lat' dir='ltr'><strong>S.</strong></span> <span class='ocrx_word' id='word_1_76' title='bbox 410 1393 574 1471; x_wconf 86' lang='lat' dir='ltr'><strong>Thomas,</strong></span> <span class='ocrx_word' id='word_1_77' title='bbox 593 1414 625 1472; x_wconf 85' lang='lat' dir='ltr'><strong>q.</strong></span> <span class='ocrx_word' id='word_1_78' title='bbox 645 1401 713 1469; x_wconf 89' lang='lat'>188,</span> <span class='ocrx_word' id='word_1_79' title='bbox 731 1402 796 1457; x_wconf 88' lang='lat' dir='ltr'><strong>art.</strong></span> <span class='ocrx_word' id='word_1_80' title='bbox 822 1401 851 1471; x_wconf 85' lang='lat'><strong>6,</strong></span> <span class='ocrx_word' id='word_1_81' title='bbox 869 1397 1055 1459; x_wconf 88' lang='lat' dir='ltr'><strong>orationem</strong></span> <span class='ocrx_word' id='word_1_82' title='bbox 1072 1396 1246 1477; x_wconf 90' lang='lat' dir='ltr'><strong>anteponit</strong></span> 
     </span>
     <span class='ocr_line' id='line_1_12' title="bbox 157 1475 998 1560; baseline 0.004 -23"><span class='ocrx_word' id='word_1_83' title='bbox 157 1475 304 1554; x_wconf 88' lang='lat' dir='ltr'><strong>lectioni,</strong></span> <span class='ocrx_word' id='word_1_84' title='bbox 330 1475 547 1557; x_wconf 85' lang='lat' dir='ltr'><strong>captivorum</strong></span> <span class='ocrx_word' id='word_1_85' title='bbox 560 1478 824 1560; x_wconf 86' lang='lat' dir='ltr'><strong>redemptionem</strong></span> <span class='ocrx_word' id='word_1_86' title='bbox 843 1478 998 1559; x_wconf 72' lang='lat' dir='ltr'><strong>hospitio,</strong></span> 
     </span>
    </p>

    <p class='ocr_par' dir='ltr' id='par_1_5' title="bbox 157 1560 1244 1726">
     <span class='ocr_line' id='line_1_13' title="bbox 196 1560 1244 1643; baseline 0.004 -23"><span class='ocrx_word' id='word_1_87' title='bbox 196 1560 265 1640; x_wconf 78' lang='lat' dir='ltr'><strong>Ipso</strong></span> <span class='ocrx_word' id='word_1_88' title='bbox 280 1579 429 1620; x_wconf 82' lang='lat' dir='ltr'><strong>nirmero:</strong></span> <span class='ocrx_word' id='word_1_89' title='bbox 446 1579 525 1621; x_wconf 89' lang='lat' dir='ltr'><strong>nam</strong></span> <span class='ocrx_word' id='word_1_90' title='bbox 549 1560 604 1640; x_wconf 91' lang='lat' dir='ltr'><strong>qui</strong></span> <span class='ocrx_word' id='word_1_91' title='bbox 627 1579 687 1642; x_wconf 91' lang='lat' dir='ltr'><strong>per</strong></span> <span class='ocrx_word' id='word_1_92' title='bbox 703 1561 801 1642; x_wconf 89' lang='lat' dir='ltr'><strong>plura</strong></span> <span class='ocrx_word' id='word_1_93' title='bbox 820 1561 937 1639; x_wconf 88' lang='lat' dir='ltr'><strong>tendit,</strong></span> <span class='ocrx_word' id='word_1_94' title='bbox 955 1581 1014 1643; x_wconf 91' lang='lat' dir='ltr'><strong>per</strong></span> <span class='ocrx_word' id='word_1_95' title='bbox 1026 1581 1062 1624; x_wconf 87' lang='lat' dir='ltr'><strong>se</strong></span> <span class='ocrx_word' id='word_1_96' title='bbox 1078 1561 1244 1624; x_wconf 90' lang='lat' dir='ltr'><strong>efficacio-</strong></span> 
     </span>
     <span class='ocr_line' id='line_1_14' title="bbox 157 1641 534 1726; baseline 0 -24"><span class='ocrx_word' id='word_1_97' title='bbox 157 1660 228 1703; x_wconf 88' lang='lat' dir='ltr'><strong>rem</strong></span> <span class='ocrx_word' id='word_1_98' title='bbox 243 1641 501 1704; x_wconf 91' lang='lat' dir='ltr'><strong>habetmotum.</strong></span> <span class='ocrx_word' id='word_1_99' title='bbox 533 1717 534 1726; x_wconf 9' lang='grc' dir='ltr'>ἵ</span> 
     </span>
    </p>

    <p class='ocr_par' dir='ltr' id='par_1_6' title="bbox 154 1724 1243 2467">
     <span class='ocr_line' id='line_1_15' title="bbox 198 1724 1243 1808; baseline 0.003 -23"><span class='ocrx_word' id='word_1_100' title='bbox 198 1745 229 1802; x_wconf 82' lang='lat'><strong>3.</strong></span> <span class='ocrx_word' id='word_1_101' title='bbox 252 1724 328 1805; x_wconf 89' lang='lat' dir='ltr'><strong>Ipsa</strong></span> <span class='ocrx_word' id='word_1_102' title='bbox 353 1724 497 1786; x_wconf 80' lang='lat' dir='ltr'><strong>severitas</strong></span> <span class='ocrx_word' id='word_1_103' title='bbox 521 1725 632 1786; x_wconf 90' lang='lat' dir='ltr'><strong>cultus</strong></span> <span class='ocrx_word' id='word_1_104' title='bbox 647 1733 695 1788; x_wconf 85' lang='lat' dir='ltr'><strong>¹ac</strong></span> <span class='ocrx_word' id='word_1_105' title='bbox 722 1725 914 1806; x_wconf 90' lang='lat' dir='ltr'><strong>disciplinae</strong></span> <span class='ocrx_word' id='word_1_106' title='bbox 937 1746 1040 1788; x_wconf 87' lang='lat' dir='ltr'><strong>causa</strong></span> <span class='ocrx_word' id='word_1_107' title='bbox 1063 1734 1113 1788; x_wconf 91' lang='lat' dir='ltr'><strong>est</strong></span> <span class='ocrx_word' id='word_1_108' title='bbox 1132 1727 1243 1808; x_wconf 90' lang='lat' dir='ltr'><strong>cujus-</strong></span> 
     </span>
     <span class='ocr_line' id='line_1_16' title="bbox 155 1803 1243 1893; baseline 0.005 -27"><span class='ocrx_word' id='word_1_109' title='bbox 155 1805 244 1888; x_wconf 90' lang='lat' dir='ltr'><strong>piam</strong></span> <span class='ocrx_word' id='word_1_110' title='bbox 269 1807 567 1888; x_wconf 85' lang='lat' dir='ltr'><strong>praeeminentiae.</strong></span> <span class='ocrx_word' id='word_1_111' title='bbox 591 1807 629 1868; x_wconf 93' lang='lat' dir='ltr'><strong>In</strong></span> <span class='ocrx_word' id='word_1_112' title='bbox 655 1803 806 1869; x_wconf 81' lang='lat' dir='ltr'><strong>strictiore</strong></span> <span class='ocrx_word' id='word_1_113' title='bbox 832 1809 919 1884; x_wconf 83' lang='lat' dir='ltr'><strong>enim</strong></span> <span class='ocrx_word' id='word_1_114' title='bbox 946 1809 1108 1893; x_wconf 87' lang='lat' dir='ltr'><strong>religione</strong></span> <span class='ocrx_word' id='word_1_115' title='bbox 1137 1811 1243 1890; x_wconf 87' lang='lat' dir='ltr'><strong>magis</strong></span> 
     </span>
     <span class='ocr_line' id='line_1_17' title="bbox 155 1891 1242 1974; baseline 0.006 -25"><span class='ocrx_word' id='word_1_116' title='bbox 155 1898 316 1950; x_wconf 82' lang='lat' dir='ltr'><strong>arcentur</strong></span> <span class='ocrx_word' id='word_1_117' title='bbox 356 1891 552 1952; x_wconf 82' lang='lat' dir='ltr'><strong>occasiones</strong></span> <span class='ocrx_word' id='word_1_118' title='bbox 592 1891 871 1972; x_wconf 46' lang='lat' dir='ltr'><strong>peccati„atque</strong></span> <span class='ocrx_word' id='word_1_119' title='bbox 907 1892 1022 1974; x_wconf 87' lang='lat' dir='ltr'><strong>ipsum</strong></span> <span class='ocrx_word' id='word_1_120' title='bbox 1053 1899 1242 1973; x_wconf 86' lang='lat' dir='ltr'><strong>peccatum.</strong></span> 
     </span>
     <span class='ocr_line' id='line_1_18' title="bbox 154 1971 1243 2056; baseline 0.004 -24"><span class='ocrx_word' id='word_1_121' title='bbox 154 1971 355 2053; x_wconf 88' lang='lat' dir='ltr'><strong>Hujusmodi</strong></span> <span class='ocrx_word' id='word_1_122' title='bbox 385 1980 499 2035; x_wconf 91' lang='lat' dir='ltr'><strong>autem</strong></span> <span class='ocrx_word' id='word_1_123' title='bbox 528 1973 723 2035; x_wconf 90' lang='lat' dir='ltr'><strong>immunitas</strong></span> <span class='ocrx_word' id='word_1_124' title='bbox 753 1979 804 2034; x_wconf 90' lang='lat' dir='ltr'><strong>est</strong></span> <span class='ocrx_word' id='word_1_125' title='bbox 834 1974 994 2054; x_wconf 86' lang='lat' dir='ltr'><strong>negativa</strong></span> <span class='ocrx_word' id='word_1_126' title='bbox 1028 1974 1243 2056; x_wconf 89' lang='lat' dir='ltr'><strong>perfectionis</strong></span> 
     </span>
     <span class='ocr_line' id='line_1_19' title="bbox 159 2057 258 2118; baseline 0.02 -4"><span class='ocrx_word' id='word_1_127' title='bbox 159 2057 258 2118; x_wconf 88' lang='lat' dir='ltr'><strong>ratio.</strong></span> 
     </span>
     <span class='ocr_line' id='line_1_20' title="bbox 160 2136 1242 2220; baseline 0 -21"><span class='ocrx_word' id='word_1_128' title='bbox 160 2169 164 2176; x_wconf 73' lang='lat'>=</span> <span class='ocrx_word' id='word_1_129' title='bbox 197 2137 328 2199; x_wconf 90' lang='lat' dir='ltr'><strong>Rursus</strong></span> <span class='ocrx_word' id='word_1_130' title='bbox 345 2136 462 2218; x_wconf 90' lang='lat' dir='ltr'><strong>religio</strong></span> <span class='ocrx_word' id='word_1_131' title='bbox 478 2157 564 2216; x_wconf 90' lang='lat' dir='ltr'><strong>quae</strong></span> <span class='ocrx_word' id='word_1_132' title='bbox 581 2137 614 2199; x_wconf 95' lang='lat' dir='ltr'><strong>in</strong></span> <span class='ocrx_word' id='word_1_133' title='bbox 632 2137 926 2220; x_wconf 88' lang='lat' dir='ltr'><strong>principalioribus</strong></span> <span class='ocrx_word' id='word_1_134' title='bbox 941 2139 1060 2202; x_wconf 90' lang='lat' dir='ltr'><strong>studiis</strong></span> <span class='ocrx_word' id='word_1_135' title='bbox 1076 2146 1126 2200; x_wconf 86' lang='lat' dir='ltr'><strong>est</strong></span> <span class='ocrx_word' id='word_1_136' title='bbox 1145 2137 1242 2199; x_wconf 91' lang='lat' dir='ltr'><strong>stric-</strong></span> 
     </span>
     <span class='ocr_line' id='line_1_21' title="bbox 155 2217 1242 2302; baseline 0.002 -23"><span class='ocrx_word' id='word_1_137' title='bbox 155 2217 223 2280; x_wconf 92' lang='lat' dir='ltr'><strong>tior</strong></span> <span class='ocrx_word' id='word_1_138' title='bbox 245 2226 384 2301; x_wconf 87' lang='lat' dir='ltr'><strong>superat</strong></span> <span class='ocrx_word' id='word_1_139' title='bbox 407 2239 481 2282; x_wconf 89' lang='lat' dir='ltr'><strong>eam</strong></span> <span class='ocrx_word' id='word_1_140' title='bbox 497 2239 582 2300; x_wconf 90' lang='lat' dir='ltr'><strong>quae</strong></span> <span class='ocrx_word' id='word_1_141' title='bbox 605 2221 638 2282; x_wconf 94' lang='lat' dir='ltr'><strong>in</strong></span> <span class='ocrx_word' id='word_1_142' title='bbox 655 2221 852 2283; x_wconf 79' lang='lat' dir='ltr'><strong>minoribus</strong></span> <span class='ocrx_word' id='word_1_143' title='bbox 870 2220 987 2302; x_wconf 91' lang='lat' dir='ltr'><strong>Itaque</strong></span> <span class='ocrx_word' id='word_1_144' title='bbox 1003 2221 1057 2284; x_wconf 91' lang='lat' dir='ltr'><strong>hic</strong></span> <span class='ocrx_word' id='word_1_145' title='bbox 1074 2221 1138 2282; x_wconf 91' lang='lat' dir='ltr'><strong>erit</strong></span> <span class='ocrx_word' id='word_1_146' title='bbox 1161 2221 1242 2282; x_wconf 91' lang='lat' dir='ltr'><strong>ordo</strong></span> 
     </span>
     <span class='ocr_line' id='line_1_22' title="bbox 157 2301 1242 2388; baseline 0.004 -28"><span class='ocrx_word' id='word_1_147' title='bbox 157 2306 206 2376; x_wconf 93' lang='lat' dir='ltr'><strong>ut,</strong></span> <span class='ocrx_word' id='word_1_148' title='bbox 238 2301 493 2388; x_wconf 15' lang='lat' dir='ltr'><strong>remotogomni</strong></span> <span class='ocrx_word' id='word_1_149' title='bbox 522 2309 675 2388; x_wconf 92' lang='lat' dir='ltr'><strong>peccato,</strong></span> <span class='ocrx_word' id='word_1_150' title='bbox 707 2305 816 2386; x_wconf 89' lang='lat' dir='ltr'><strong>primo</strong></span> <span class='ocrx_word' id='word_1_151' title='bbox 846 2304 920 2364; x_wconf 91' lang='lat' dir='ltr'><strong>loco</strong></span> <span class='ocrx_word' id='word_1_152' title='bbox 949 2304 1117 2366; x_wconf 90' lang='lat' dir='ltr'><strong>habeatur</strong></span> <span class='ocrx_word' id='word_1_153' title='bbox 1146 2303 1242 2384; x_wconf 87' lang='lat' dir='ltr'><strong>vigor</strong></span> 
     </span>
     <span class='ocr_line' id='line_1_23' title="bbox 160 2381 381 2467; baseline 0.018 -25"><span class='ocrx_word' id='word_1_154' title='bbox 160 2381 381 2467; x_wconf 76' lang='lat' dir='ltr'><strong>obedientiae.</strong></span> 
     </span>
    </p>

    <p class='ocr_par' dir='ltr' id='par_1_7' title="bbox 157 2463 1242 2632">
     <span class='ocr_line' id='line_1_24' title="bbox 199 2463 1242 2549; baseline 0.003 -23"><span class='ocrx_word' id='word_1_155' title='bbox 199 2464 237 2526; x_wconf 89' lang='lat' dir='ltr'><strong>ln</strong></span> <span class='ocrx_word' id='word_1_156' title='bbox 259 2463 335 2546; x_wconf 79' lang='lat' dir='ltr'><strong>foro</strong></span> <span class='ocrx_word' id='word_1_157' title='bbox 360 2474 471 2528; x_wconf 90' lang='lat' dir='ltr'><strong>tamen</strong></span> <span class='ocrx_word' id='word_1_158' title='bbox 497 2466 652 2546; x_wconf 82' lang='lat' dir='ltr'><strong>corionioo,</strong></span> <span class='ocrx_word' id='word_1_159' title='bbox 674 2468 731 2531; x_wconf 90' lang='lat' dir='ltr'><strong>ubi</strong></span> <span class='ocrx_word' id='word_1_160' title='bbox 746 2468 803 2530; x_wconf 87' lang='lat' dir='ltr'><strong>vix</strong></span> <span class='ocrx_word' id='word_1_161' title='bbox 826 2475 984 2530; x_wconf 89' lang='lat' dir='ltr'><strong>constare</strong></span> <span class='ocrx_word' id='word_1_162' title='bbox 1007 2473 1118 2549; x_wconf 90' lang='lat' dir='ltr'><strong>potest</strong></span> <span class='ocrx_word' id='word_1_163' title='bbox 1135 2467 1242 2529; x_wconf 91' lang='lat' dir='ltr'><strong>altera</strong></span> 
     </span>
     <span class='ocr_line' id='line_1_25' title="bbox 157 2547 1241 2632; baseline 0.003 -23"><span class='ocrx_word' id='word_1_164' title='bbox 157 2547 371 2628; x_wconf 84' lang='lat' dir='ltr'><strong>perfectionis</strong></span> <span class='ocrx_word' id='word_1_165' title='bbox 387 2551 487 2626; x_wconf 90' lang='lat' dir='ltr'><strong>ratio,</strong></span> <span class='ocrx_word' id='word_1_166' title='bbox 505 2550 617 2632; x_wconf 90' lang='lat' dir='ltr'><strong>potius</strong></span> <span class='ocrx_word' id='word_1_167' title='bbox 634 2551 820 2613; x_wconf 87' lang='lat' dir='ltr'><strong>attenditur</strong></span> <span class='ocrx_word' id='word_1_168' title='bbox 838 2550 880 2612; x_wconf 92' lang='lat' dir='ltr'><strong>ad</strong></span> <span class='ocrx_word' id='word_1_169' title='bbox 897 2551 1114 2631; x_wconf 89' lang='lat' dir='ltr'><strong>asperitatem</strong></span> <span class='ocrx_word' id='word_1_170' title='bbox 1132 2552 1241 2612; x_wconf 90' lang='lat' dir='ltr'><strong>cultus</strong></span> 
     </span>
    </p>
   </div>
   <div class='ocr_carea' id='block_1_4' title="bbox 1302 895 1446 976">
    <p class='ocr_par' dir='ltr' id='par_1_8' title="bbox 1302 895 1446 976">
     <span class='ocr_line' id='line_1_26' title="bbox 1302 895 1446 976; baseline 0.014 -12"><span class='ocrx_word' id='word_1_171' title='bbox 1302 895 1343 966; x_wconf 77' lang='lat' dir='ltr'><strong>Ex</strong></span> <span class='ocrx_word' id='word_1_172' title='bbox 1354 917 1446 976; x_wconf 82' lang='lat' dir='ltr'><strong>mediis,</strong></span> 
     </span>
    </p>
   </div>
   <div class='ocr_carea' id='block_1_5' title="bbox 1298 1750 1453 1856">
    <p class='ocr_par' dir='ltr' id='par_1_9' title="bbox 1298 1750 1453 1856">
     <span class='ocr_line' id='line_1_27' title="bbox 1328 1750 1453 1798; baseline 0.008 -2"><span class='ocrx_word' id='word_1_173' title='bbox 1328 1750 1370 1798; x_wconf 75' lang='lat' dir='ltr'><strong>Ex</strong></span> <span class='ocrx_word' id='word_1_174' title='bbox 1379 1757 1453 1798; x_wconf 81' lang='lat' dir='ltr'><strong>nustr-</strong></span> 
     </span>
     <span class='ocr_line' id='line_1_28' title="bbox 1298 1809 1377 1856; baseline 0.038 -3"><span class='ocrx_word' id='word_1_175' title='bbox 1298 1809 1377 1856; x_wconf 81' lang='lat' dir='ltr'><strong>ritate.</strong></span> 
     </span>
    </p>
   </div>
   <div class='ocr_carea' id='block_1_6' title="bbox 156 2631 1241 2716">
    <p class='ocr_par' dir='ltr' id='par_1_10' title="bbox 156 2631 1331 2716">
     <span class='ocr_line' id='line_1_29' title="bbox 156 2631 1241 2716; baseline 0.003 -24"><span class='ocrx_word' id='word_1_176' title='bbox 156 2631 344 2706; x_wconf 86' lang='lat' dir='ltr'><strong>exterioris,</strong></span> <span class='ocrx_word' id='word_1_177' title='bbox 370 2631 520 2712; x_wconf 89' lang='lat' dir='ltr'><strong>satisque</strong></span> <span class='ocrx_word' id='word_1_178' title='bbox 543 2634 702 2695; x_wconf 89' lang='lat' dir='ltr'><strong>convenit</strong></span> <span class='ocrx_word' id='word_1_179' title='bbox 724 2634 918 2716; x_wconf 85' lang='lat' dir='ltr'><strong>religionem</strong></span> <span class='ocrx_word' id='word_1_180' title='bbox 936 2633 1241 2696; x_wconf 89' lang='lat' dir='ltr'><strong>Carthusianorum</strong></span> 
     </span>
    </p>
   </div>
   <div class='ocr_carea' id='block_1_7' title="bbox 146 2712 1242 4197">
    <p class='ocr_par' dir='ltr' id='par_1_11' title="bbox 155 2712 735 2796">
     <span class='ocr_line' id='line_1_30' title="bbox 155 2712 735 2796; baseline 0.005 -22"><span class='ocrx_word' id='word_1_181' title='bbox 155 2712 273 2776; x_wconf 88' lang='lat' dir='ltr'><strong>haberi</strong></span> <span class='ocrx_word' id='word_1_182' title='bbox 289 2733 387 2794; x_wconf 87' lang='lat' dir='ltr'><strong>posse</strong></span> <span class='ocrx_word' id='word_1_183' title='bbox 403 2734 465 2796; x_wconf 92' lang='lat' dir='ltr'><strong>pro</strong></span> <span class='ocrx_word' id='word_1_184' title='bbox 481 2714 696 2778; x_wconf 91' lang='lat' dir='ltr'><strong>strictissima</strong></span> <span class='ocrx_word' id='word_1_185' title='bbox 711 2717 735 2778; x_wconf 77' lang='lat'><strong>¹.</strong></span> 
     </span>
    </p>

    <p class='ocr_par' dir='ltr' id='par_1_12' title="bbox 156 2797 1240 2964">
     <span class='ocr_line' id='line_1_31' title="bbox 196 2797 1240 2880; baseline -0.001 -19"><span class='ocrx_word' id='word_1_186' title='bbox 196 2797 259 2861; x_wconf 86' lang='grc'><strong>98.</strong></span> <span class='ocrx_word' id='word_1_187' title='bbox 277 2798 473 2880; x_wconf 80' lang='lat' dir='ltr'><strong>Quocirca:</strong></span> <span class='ocrx_word' id='word_1_188' title='bbox 490 2818 517 2860; x_wconf 88' lang='lat'><strong>1.</strong></span> <span class='ocrx_word' id='word_1_189' title='bbox 534 2799 600 2860; x_wconf 92' lang='lat' dir='ltr'><strong>Per</strong></span> <span class='ocrx_word' id='word_1_190' title='bbox 622 2818 658 2860; x_wconf 88' lang='lat' dir='ltr'><strong>se</strong></span> <span class='ocrx_word' id='word_1_191' title='bbox 674 2797 853 2880; x_wconf 83' lang='lat' dir='ltr'><strong>perfectior</strong></span> <span class='ocrx_word' id='word_1_192' title='bbox 876 2798 998 2861; x_wconf 89' lang='lat' dir='ltr'><strong>dicitur</strong></span> <span class='ocrx_word' id='word_1_193' title='bbox 1020 2797 1137 2880; x_wconf 88' lang='lat' dir='ltr'><strong>religio</strong></span> <span class='ocrx_word' id='word_1_194' title='bbox 1153 2797 1240 2860; x_wconf 82' lang='lat' dir='ltr'><strong>cleri·</strong></span> 
     </span>
     <span class='ocr_line' id='line_1_32' title="bbox 156 2881 1136 2964; baseline 0.007 -26"><span class='ocrx_word' id='word_1_195' title='bbox 156 2897 259 2940; x_wconf 84' lang='lat' dir='ltr'><strong>eorum</strong></span> <span class='ocrx_word' id='word_1_196' title='bbox 271 2898 371 2959; x_wconf 90' lang='lat' dir='ltr'><strong>quam</strong></span> <span class='ocrx_word' id='word_1_197' title='bbox 388 2883 569 2942; x_wconf 74' lang='lat' dir='ltr'><strong>laicorum.</strong></span> <span class='ocrx_word' id='word_1_198' title='bbox 583 2881 722 2960; x_wconf 85' lang='lat' dir='ltr'><strong>Suarez,</strong></span> <span class='ocrx_word' id='word_1_199' title='bbox 741 2889 784 2944; x_wconf 91' lang='lat' dir='ltr'><strong>tr.</strong></span> <span class='ocrx_word' id='word_1_200' title='bbox 804 2903 852 2958; x_wconf 94' lang='lat'><strong>10,</strong></span> <span class='ocrx_word' id='word_1_201' title='bbox 870 2885 892 2945; x_wconf 97' lang='lat' dir='ltr'><strong>l.</strong></span> <span class='ocrx_word' id='word_1_202' title='bbox 912 2905 939 2959; x_wconf 92' lang='lat'><strong>1,</strong></span> <span class='ocrx_word' id='word_1_203' title='bbox 957 2901 988 2945; x_wconf 96' lang='lat' dir='ltr'><strong>c.</strong></span> <span class='ocrx_word' id='word_1_204' title='bbox 1005 2903 1035 2963; x_wconf 92' lang='lat'><strong>7,</strong></span> <span class='ocrx_word' id='word_1_205' title='bbox 1053 2903 1086 2944; x_wconf 91' lang='lat' dir='ltr'><strong>n.</strong></span> <span class='ocrx_word' id='word_1_206' title='bbox 1104 2906 1136 2964; x_wconf 90' lang='lat'><strong>4.</strong></span> 
     </span>
    </p>

    <p class='ocr_par' dir='ltr' id='par_1_13' title="bbox 155 2960 1240 3194">
     <span class='ocr_line' id='line_1_33' title="bbox 196 2960 1240 3046; baseline 0.002 -23"><span class='ocrx_word' id='word_1_207' title='bbox 196 2982 226 3023; x_wconf 86' lang='lat'><strong>2.</strong></span> <span class='ocrx_word' id='word_1_208' title='bbox 243 2960 460 3044; x_wconf 83' lang='lat' dir='ltr'><strong>Religionibus</strong></span> <span class='ocrx_word' id='word_1_209' title='bbox 464 2967 567 3043; x_wconf 78' lang='lat' dir='ltr'><strong>presse</strong></span> <span class='ocrx_word' id='word_1_210' title='bbox 582 2962 694 3026; x_wconf 81' lang='lat' dir='ltr'><strong>talibus</strong></span> <span class='ocrx_word' id='word_1_211' title='bbox 713 2964 930 3027; x_wconf 89' lang='lat' dir='ltr'><strong>accidentalis</strong></span> <span class='ocrx_word' id='word_1_212' title='bbox 945 2964 1109 3044; x_wconf 88' lang='lat' dir='ltr'><strong>quaedam</strong></span> <span class='ocrx_word' id='word_1_213' title='bbox 1126 2984 1240 3046; x_wconf 87' lang='lat' dir='ltr'><strong>praes·</strong></span> 
     </span>
     <span class='ocr_line' id='line_1_34' title="bbox 155 3041 1240 3129; baseline 0.006 -27"><span class='ocrx_word' id='word_1_214' title='bbox 155 3041 263 3111; x_wconf 86' lang='lat' dir='ltr'><strong>tantia</strong></span> <span class='ocrx_word' id='word_1_215' title='bbox 278 3045 438 3126; x_wconf 88' lang='lat' dir='ltr'><strong>competit</strong></span> <span class='ocrx_word' id='word_1_216' title='bbox 450 3065 531 3127; x_wconf 90' lang='lat' dir='ltr'><strong>prae</strong></span> <span class='ocrx_word' id='word_1_217' title='bbox 543 3045 628 3126; x_wconf 88' lang='lat' dir='ltr'><strong>aliis,</strong></span> <span class='ocrx_word' id='word_1_218' title='bbox 638 3066 680 3109; x_wconf 84' lang='lat' dir='ltr'><strong>ex</strong></span> <span class='ocrx_word' id='word_1_219' title='bbox 690 3047 851 3129; x_wconf 87' lang='lat' dir='ltr'><strong>peculiari</strong></span> <span class='ocrx_word' id='word_1_220' title='bbox 865 3048 1023 3110; x_wconf 87' lang='lat' dir='ltr'><strong>firmitate</strong></span> <span class='ocrx_word' id='word_1_221' title='bbox 1035 3067 1101 3128; x_wconf 92' lang='lat' dir='ltr'><strong>qua</strong></span> <span class='ocrx_word' id='word_1_222' title='bbox 1114 3048 1240 3109; x_wconf 88' lang='lat' dir='ltr'><strong>donan-</strong></span> 
     </span>
     <span class='ocr_line' id='line_1_35' title="bbox 155 3125 495 3194; baseline 0.018 -9"><span class='ocrx_word' id='word_1_223' title='bbox 155 3131 213 3186; x_wconf 88' lang='lat' dir='ltr'><strong>tur</strong></span> <span class='ocrx_word' id='word_1_224' title='bbox 227 3125 386 3194; x_wconf 82' lang='lat' dir='ltr'><strong>sollemnia</strong></span> <span class='ocrx_word' id='word_1_225' title='bbox 402 3136 495 3190; x_wconf 81' lang='lat' dir='ltr'><strong>vota.</strong></span> 
     </span>
    </p>

    <p class='ocr_par' dir='ltr' id='par_1_14' title="bbox 153 3209 1241 3538">
     <span class='ocr_line' id='line_1_36' title="bbox 196 3209 1240 3294; baseline 0.002 -22"><span class='ocrx_word' id='word_1_226' title='bbox 196 3209 259 3274; x_wconf 87' lang='lat'><strong>94.</strong></span> <span class='ocrx_word' id='word_1_227' title='bbox 276 3231 303 3273; x_wconf 86' lang='lat'><strong>1.</strong></span> <span class='ocrx_word' id='word_1_228' title='bbox 317 3211 431 3282; x_wconf 88' lang='lat' dir='ltr'><strong>Monet</strong></span> <span class='ocrx_word' id='word_1_229' title='bbox 448 3211 483 3273; x_wconf 91' lang='lat' dir='ltr'><strong>S.</strong></span> <span class='ocrx_word' id='word_1_230' title='bbox 497 3211 659 3292; x_wconf 89' lang='lat' dir='ltr'><strong>Thomas,</strong></span> <span class='ocrx_word' id='word_1_231' title='bbox 674 3235 704 3275; x_wconf 86' lang='lat'><strong>2.</strong></span> <span class='ocrx_word' id='word_1_232' title='bbox 718 3235 748 3289; x_wconf 86' lang='lat'><strong>2,</strong></span> <span class='ocrx_word' id='word_1_233' title='bbox 763 3232 795 3292; x_wconf 92' lang='lat' dir='ltr'><strong>q.</strong></span> <span class='ocrx_word' id='word_1_234' title='bbox 812 3218 880 3292; x_wconf 88' lang='lat'><strong>189,</strong></span> <span class='ocrx_word' id='word_1_235' title='bbox 898 3218 963 3274; x_wconf 89' lang='lat' dir='ltr'><strong>art.</strong></span> <span class='ocrx_word' id='word_1_236' title='bbox 981 3233 1028 3289; x_wconf 91' lang='lat'><strong>10,</strong></span> <span class='ocrx_word' id='word_1_237' title='bbox 1042 3210 1240 3294; x_wconf 90' lang='lat' dir='ltr'><strong>prudentem</strong></span> 
     </span>
     <span class='ocr_line' id='line_1_37' title="bbox 153 3291 1240 3374; baseline 0 -21"><span class='ocrx_word' id='word_1_238' title='bbox 153 3291 384 3354; x_wconf 85' lang='lat' dir='ltr'><strong>Institutieui</strong></span> <span class='ocrx_word' id='word_1_239' title='bbox 414 3294 488 3373; x_wconf 88' lang='lat' dir='ltr'><strong>quis</strong></span> <span class='ocrx_word' id='word_1_240' title='bbox 518 3313 553 3355; x_wconf 90' lang='lat' dir='ltr'><strong>se</strong></span> <span class='ocrx_word' id='word_1_241' title='bbox 581 3296 769 3358; x_wconf 87' lang='lat' dir='ltr'><strong>committat</strong></span> <span class='ocrx_word' id='word_1_242' title='bbox 799 3295 996 3356; x_wconf 86' lang='lat' dir='ltr'><strong>electionem</strong></span> <span class='ocrx_word' id='word_1_243' title='bbox 1029 3313 1133 3374; x_wconf 89' lang='lat' dir='ltr'><strong>grave</strong></span> <span class='ocrx_word' id='word_1_244' title='bbox 1166 3313 1240 3356; x_wconf 90' lang='lat' dir='ltr'><strong>esse</strong></span> 
     </span>
     <span class='ocr_line' id='line_1_38' title="bbox 154 3369 1241 3457; baseline 0.001 -22"><span class='ocrx_word' id='word_1_245' title='bbox 154 3375 327 3454; x_wconf 87' lang='lat' dir='ltr'><strong>negotium</strong></span> <span class='ocrx_word' id='word_1_246' title='bbox 350 3376 554 3454; x_wconf 83' lang='lat' dir='ltr'><strong>dignumque</strong></span> <span class='ocrx_word' id='word_1_247' title='bbox 581 3369 668 3456; x_wconf 83' lang='lat' dir='ltr'><strong>quod</strong></span> <span class='ocrx_word' id='word_1_248' title='bbox 695 3375 802 3457; x_wconf 89' lang='lat' dir='ltr'><strong>magis</strong></span> <span class='ocrx_word' id='word_1_249' title='bbox 828 3377 1031 3438; x_wconf 90' lang='lat' dir='ltr'><strong>deliberetur</strong></span> <span class='ocrx_word' id='word_1_250' title='bbox 1054 3395 1153 3456; x_wconf 89' lang='lat' dir='ltr'><strong>quarn</strong></span> <span class='ocrx_word' id='word_1_251' title='bbox 1170 3375 1241 3457; x_wconf 87' lang='lat' dir='ltr'><strong>ipsa</strong></span> 
     </span>
     <span class='ocr_line' id='line_1_39' title="bbox 159 3458 841 3538; baseline 0.006 -20"><span class='ocrx_word' id='word_1_252' title='bbox 159 3459 279 3520; x_wconf 88' lang='lat' dir='ltr'><strong>electio</strong></span> <span class='ocrx_word' id='word_1_253' title='bbox 295 3465 404 3519; x_wconf 90' lang='lat' dir='ltr'><strong>status</strong></span> <span class='ocrx_word' id='word_1_254' title='bbox 421 3458 618 3538; x_wconf 87' lang='lat' dir='ltr'><strong>religiosiin</strong></span> <span class='ocrx_word' id='word_1_255' title='bbox 633 3461 841 3522; x_wconf 86' lang='lat' dir='ltr'><strong>universum.</strong></span> 
     </span>
    </p>

    <p class='ocr_par' dir='ltr' id='par_1_15' title="bbox 146 3538 1241 3851">
     <span class='ocr_line' id='line_1_40' title="bbox 198 3538 1238 3625; baseline -0.001 -24"><span class='ocrx_word' id='word_1_256' title='bbox 198 3561 228 3601; x_wconf 86' lang='lat'><strong>2.</strong></span> <span class='ocrx_word' id='word_1_257' title='bbox 242 3539 322 3602; x_wconf 87' lang='lat' dir='ltr'><strong>Sine</strong></span> <span class='ocrx_word' id='word_1_258' title='bbox 334 3541 495 3621; x_wconf 89' lang='lat' dir='ltr'><strong>peculiari</strong></span> <span class='ocrx_word' id='word_1_259' title='bbox 508 3542 731 3604; x_wconf 89' lang='lat' dir='ltr'><strong>illustratone</strong></span> <span class='ocrx_word' id='word_1_260' title='bbox 746 3542 890 3625; x_wconf 89' lang='lat' dir='ltr'><strong>Spiritus</strong></span> <span class='ocrx_word' id='word_1_261' title='bbox 905 3540 1031 3619; x_wconf 87' lang='lat' dir='ltr'><strong>Sancti,</strong></span> <span class='ocrx_word' id='word_1_262' title='bbox 1041 3538 1238 3604; x_wconf 90' lang='lat' dir='ltr'><strong>Institutum</strong></span> 
     </span>
     <span class='ocr_line' id='line_1_41' title="bbox 146 3620 1241 3705; baseline -0.005 -17"><span class='ocrx_word' id='word_1_263' title='bbox 146 3620 371 3688; x_wconf 88' lang='lat' dir='ltr'><strong>&#39;hebescentis</strong></span> <span class='ocrx_word' id='word_1_264' title='bbox 394 3623 531 3686; x_wconf 87' lang='lat' dir='ltr'><strong>virtutis</strong></span> <span class='ocrx_word' id='word_1_265' title='bbox 564 3631 597 3687; x_wconf 87' lang='lat' dir='ltr'><strong>et</strong></span> <span class='ocrx_word' id='word_1_266' title='bbox 629 3624 773 3686; x_wconf 90' lang='lat' dir='ltr'><strong>labentis</strong></span> <span class='ocrx_word' id='word_1_267' title='bbox 799 3623 993 3705; x_wconf 89' lang='lat' dir='ltr'><strong>disciplinae</strong></span> <span class='ocrx_word' id='word_1_268' title='bbox 1023 3623 1132 3686; x_wconf 90' lang='lat' dir='ltr'><strong>minus</strong></span> <span class='ocrx_word' id='word_1_269' title='bbox 1162 3629 1241 3703; x_wconf 91' lang='lat' dir='ltr'><strong>apta</strong></span> 
     </span>
     <span class='ocr_line' id='line_1_42' title="bbox 157 3703 1241 3848; baseline 0.001 -83"><span class='ocrx_word' id='word_1_270' title='bbox 157 3703 290 3848; x_wconf 54' lang='lat' dir='ltr'><strong>yidetiplr</strong></span> <span class='ocrx_word' id='word_1_271' title='bbox 302 3707 359 3766; x_wconf 87' lang='lat' dir='ltr'><strong>via</strong></span> <span class='ocrx_word' id='word_1_272' title='bbox 374 3706 416 3767; x_wconf 93' lang='lat' dir='ltr'><strong>ad</strong></span> <span class='ocrx_word' id='word_1_273' title='bbox 427 3707 681 3790; x_wconf 88' lang='lat' dir='ltr'><strong>perlectionem,</strong></span> <span class='ocrx_word' id='word_1_274' title='bbox 698 3726 784 3788; x_wconf 86' lang='lat' dir='ltr'><strong>quae</strong></span> <span class='ocrx_word' id='word_1_275' title='bbox 803 3706 943 3788; x_wconf 87' lang='lat' dir='ltr'><strong>proinde</strong></span> <span class='ocrx_word' id='word_1_276' title='bbox 965 3712 1100 3770; x_wconf 90' lang='lat' dir='ltr'><strong>nonest</strong></span> <span class='ocrx_word' id='word_1_277' title='bbox 1122 3725 1182 3786; x_wconf 91' lang='lat' dir='ltr'><strong>per</strong></span> <span class='ocrx_word' id='word_1_278' title='bbox 1204 3725 1241 3767; x_wconf 88' lang='lat' dir='ltr'><strong>se</strong></span> 
     </span>
     <span class='ocr_line' id='line_1_43' title="bbox 155 3805 450 3851; baseline 0.007 -3"><span class='ocrx_word' id='word_1_279' title='bbox 155 3805 255 3849; x_wconf 84' lang='lat' dir='ltr'><strong>rneun</strong></span> <span class='ocrx_word' id='word_1_280' title='bbox 280 3809 312 3851; x_wconf 93' lang='lat' dir='ltr'><strong>a.</strong></span> <span class='ocrx_word' id='word_1_281' title='bbox 449 3845 450 3850; x_wconf 73' lang='grc'>,</span> 
     </span>
    </p>

    <p class='ocr_par' dir='ltr' id='par_1_16' title="bbox 155 3869 1242 4197">
     <span class='ocr_line' id='line_1_44' title="bbox 196 3869 1241 3952; baseline -0.001 -19"><span class='ocrx_word' id='word_1_282' title='bbox 196 3892 227 3950; x_wconf 84' lang='lat'><strong>3.</strong></span> <span class='ocrx_word' id='word_1_283' title='bbox 244 3869 411 3952; x_wconf 92' lang='lat' dir='ltr'><strong>Imprimis</strong></span> <span class='ocrx_word' id='word_1_284' title='bbox 429 3871 678 3935; x_wconf 87' lang='lat' dir='ltr'><strong>observandum</strong></span> <span class='ocrx_word' id='word_1_285' title='bbox 696 3878 747 3934; x_wconf 91' lang='lat' dir='ltr'><strong>est</strong></span> <span class='ocrx_word' id='word_1_286' title='bbox 771 3870 844 3952; x_wconf 89' lang='lat' dir='ltr'><strong>quis</strong></span> <span class='ocrx_word' id='word_1_287' title='bbox 868 3870 911 3932; x_wconf 89' lang='lat' dir='ltr'><strong>sit</strong></span> <span class='ocrx_word' id='word_1_288' title='bbox 933 3869 1094 3952; x_wconf 90' lang='lat' dir='ltr'><strong>impulsus</strong></span> <span class='ocrx_word' id='word_1_289' title='bbox 1111 3871 1241 3952; x_wconf 89' lang='lat' dir='ltr'><strong>gratiae</strong></span> 
     </span>
     <span class='ocr_line' id='line_1_45' title="bbox 156 3951 1241 4036; baseline 0.002 -22"><span class='ocrx_word' id='word_1_290' title='bbox 156 3951 288 4016; x_wconf 88' lang='lat' dir='ltr'><strong>divinae</strong></span> <span class='ocrx_word' id='word_1_291' title='bbox 304 3960 338 4015; x_wconf 92' lang='lat' dir='ltr'><strong>et</strong></span> <span class='ocrx_word' id='word_1_292' title='bbox 353 3973 419 4033; x_wconf 92' lang='lat' dir='ltr'><strong>quo</strong></span> <span class='ocrx_word' id='word_1_293' title='bbox 435 3953 546 4016; x_wconf 82' lang='lat' dir='ltr'><strong>ferant</strong></span> <span class='ocrx_word' id='word_1_294' title='bbox 569 3955 728 4036; x_wconf 88' lang='lat' dir='ltr'><strong>adjuncta</strong></span> <span class='ocrx_word' id='word_1_295' title='bbox 748 3953 886 4016; x_wconf 91' lang='lat' dir='ltr'><strong>consilio</strong></span> <span class='ocrx_word' id='word_1_296' title='bbox 906 3953 1038 4016; x_wconf 83' lang='lat' dir='ltr'><strong>divinae</strong></span> <span class='ocrx_word' id='word_1_297' title='bbox 1057 3954 1241 4017; x_wconf 88' lang='lat' dir='ltr'><strong>Providen-</strong></span> 
     </span>
     <span class='ocr_line' id='line_1_46' title="bbox 155 4035 1239 4119; baseline 0.003 -23"><span class='ocrx_word' id='word_1_298' title='bbox 155 4035 221 4097; x_wconf 91' lang='lat' dir='ltr'><strong>tiae</strong></span> <span class='ocrx_word' id='word_1_299' title='bbox 247 4044 379 4117; x_wconf 89' lang='lat' dir='ltr'><strong>parata.</strong></span> <span class='ocrx_word' id='word_1_300' title='bbox 408 4036 521 4119; x_wconf 86' lang='lat' dir='ltr'><strong>Quare</strong></span> <span class='ocrx_word' id='word_1_301' title='bbox 545 4057 643 4098; x_wconf 89' lang='lat' dir='ltr'><strong>suum</strong></span> <span class='ocrx_word' id='word_1_302' title='bbox 660 4037 799 4118; x_wconf 89' lang='lat' dir='ltr'><strong>quisque</strong></span> <span class='ocrx_word' id='word_1_303' title='bbox 825 4057 867 4111; x_wconf 88' lang='lat' dir='ltr'><strong>ne</strong></span> <span class='ocrx_word' id='word_1_304' title='bbox 894 4036 1040 4118; x_wconf 84' lang='lat' dir='ltr'><strong>negligat</strong></span> <span class='ocrx_word' id='word_1_305' title='bbox 1057 4036 1239 4118; x_wconf 85' lang='lat' dir='ltr'><strong>ingenium,</strong></span> 
     </span>
     <span class='ocr_line' id='line_1_47' title="bbox 155 4115 1242 4197; baseline 0 -18"><span class='ocrx_word' id='word_1_306' title='bbox 155 4115 311 4197; x_wconf 90' lang='lat' dir='ltr'><strong>indolem,</strong></span> <span class='ocrx_word' id='word_1_307' title='bbox 328 4138 451 4182; x_wconf 81' lang='lat' dir='ltr'><strong>morea.</strong></span> <span class='ocrx_word' id='word_1_308' title='bbox 466 4121 541 4182; x_wconf 93' lang='lat' dir='ltr'><strong>Non</strong></span> <span class='ocrx_word' id='word_1_309' title='bbox 555 4119 709 4182; x_wconf 89' lang='lat' dir='ltr'><strong>omnibus</strong></span> <span class='ocrx_word' id='word_1_310' title='bbox 727 4120 814 4182; x_wconf 91' lang='lat' dir='ltr'><strong>enim</strong></span> <span class='ocrx_word' id='word_1_311' title='bbox 832 4118 972 4182; x_wconf 90' lang='lat' dir='ltr'><strong>meliora</strong></span> <span class='ocrx_word' id='word_1_312' title='bbox 988 4127 1067 4182; x_wconf 91' lang='lat' dir='ltr'><strong>sunt</strong></span> <span class='ocrx_word' id='word_1_313' title='bbox 1082 4119 1242 4182; x_wconf 89' lang='lat' dir='ltr'><strong>Instituta</strong></span> 
     </span>
    </p>
   </div>
   <div class='ocr_carea' id='block_1_8' title="bbox 182 4365 1242 4452">
    <p class='ocr_par' dir='ltr' id='par_1_17' title="bbox 182 4365 1242 4452">
     <span class='ocr_line' id='line_1_48' title="bbox 182 4365 1242 4452; baseline -0.007 -13"><span class='ocrx_word' id='word_1_314' title='bbox 182 4390 332 4448; x_wconf 78' lang='lat' dir='ltr'><strong>¹Fagnani,</strong></span> <span class='ocrx_word' id='word_1_315' title='bbox 345 4391 373 4440; x_wconf 88' lang='lat' dir='ltr'><strong>in</strong></span> <span class='ocrx_word' id='word_1_316' title='bbox 384 4393 415 4441; x_wconf 87' lang='lat' dir='ltr'><strong>C.</strong></span> <span class='ocrx_word' id='word_1_317' title='bbox 428 4392 471 4441; x_wconf 90' lang='lat' dir='ltr'><strong>Ad</strong></span> <span class='ocrx_word' id='word_1_318' title='bbox 483 4365 679 4452; x_wconf 88' lang='lat' dir='ltr'><strong>Apostolicam,</strong></span> <span class='ocrx_word' id='word_1_319' title='bbox 693 4401 728 4450; x_wconf 84' lang='lat'><strong>16,</strong></span> <span class='ocrx_word' id='word_1_320' title='bbox 748 4392 785 4439; x_wconf 80' lang='lat' dir='ltr'><strong>De</strong></span> <span class='ocrx_word' id='word_1_321' title='bbox 795 4390 961 4450; x_wconf 67' lang='lat' dir='ltr'><strong>Regularibus,</strong></span> <span class='ocrx_word' id='word_1_322' title='bbox 971 4393 1086 4439; x_wconf 89' lang='lat' dir='ltr'><strong>testatur</strong></span> <span class='ocrx_word' id='word_1_323' title='bbox 1096 4387 1170 4436; x_wconf 85' lang='lat' dir='ltr'><strong>hunc</strong></span> <span class='ocrx_word' id='word_1_324' title='bbox 1182 4399 1242 4433; x_wconf 87' lang='lat' dir='ltr'><strong>esse</strong></span> 
     </span>
    </p>
   </div>
   <div class='ocr_carea' id='block_1_9' title="bbox 152 4449 519 4512">
    <p class='ocr_par' dir='ltr' id='par_1_18' title="bbox 152 4449 519 4512">
     <span class='ocr_line' id='line_1_49' title="bbox 152 4449 519 4512; baseline 0.008 -16"><span class='ocrx_word' id='word_1_325' title='bbox 152 4450 270 4499; x_wconf 83' lang='lat' dir='ltr'><strong>usumS.</strong></span> <span class='ocrx_word' id='word_1_326' title='bbox 284 4449 519 4512; x_wconf 79' lang='lat' dir='ltr'><strong>congregationis.</strong></span> 
     </span>
    </p>
   </div>
   <div class='ocr_carea' id='block_1_10' title="bbox 1296 2827 1455 3164">
    <p class='ocr_par' dir='ltr' id='par_1_19' title="bbox 1296 2827 1455 3164">
     <span class='ocr_line' id='line_1_50' title="bbox 1325 2827 1455 2887; baseline 0.008 -13"><span class='ocrx_word' id='word_1_327' title='bbox 1325 2827 1362 2874; x_wconf 77' lang='lat' dir='ltr'><strong>De</strong></span> <span class='ocrx_word' id='word_1_328' title='bbox 1378 2832 1455 2887; x_wconf 79' lang='lat' dir='ltr'><strong>praer-</strong></span> 
     </span>
     <span class='ocr_line' id='line_1_51' title="bbox 1299 2885 1454 2934; baseline 0.013 -4"><span class='ocrx_word' id='word_1_329' title='bbox 1299 2888 1377 2934; x_wconf 84' lang='lat' dir='ltr'><strong>tantia</strong></span> <span class='ocrx_word' id='word_1_330' title='bbox 1401 2885 1454 2932; x_wconf 83' lang='lat' dir='ltr'><strong>reii-</strong></span> 
     </span>
     <span class='ocr_line' id='line_1_52' title="bbox 1296 2944 1454 3000; baseline 0.013 -12"><span class='ocrx_word' id='word_1_331' title='bbox 1296 2945 1376 3000; x_wconf 80' lang='lat' dir='ltr'><strong>gionis</strong></span> <span class='ocrx_word' id='word_1_332' title='bbox 1412 2944 1454 2990; x_wconf 76' lang='lat' dir='ltr'><strong>ilt-</strong></span> 
     </span>
     <span class='ocr_line' id='line_1_53' title="bbox 1298 3004 1455 3048; baseline 0 -2"><span class='ocrx_word' id='word_1_333' title='bbox 1298 3004 1401 3048; x_wconf 80' lang='lat' dir='ltr'><strong>ricorom</strong></span> <span class='ocrx_word' id='word_1_334' title='bbox 1435 3006 1455 3046; x_wconf 85' lang='lat' dir='ltr'><strong>et</strong></span> 
     </span>
     <span class='ocr_line' id='line_1_54' title="bbox 1298 3059 1455 3106; baseline 0.013 -2"><span class='ocrx_word' id='word_1_335' title='bbox 1298 3059 1455 3106; x_wconf 81' lang='lat' dir='ltr'><strong>uotorumsol·</strong></span> 
     </span>
     <span class='ocr_line' id='line_1_55' title="bbox 1297 3115 1414 3164; baseline 0.026 -3"><span class='ocrx_word' id='word_1_336' title='bbox 1297 3115 1414 3164; x_wconf 73' lang='lat' dir='ltr'><strong>temetum.</strong></span> 
     </span>
    </p>
   </div>
   <div class='ocr_carea' id='block_1_11' title="bbox 1293 3245 1456 3476">
    <p class='ocr_par' dir='ltr' id='par_1_20' title="bbox 1293 3245 1456 3476">
     <span class='ocr_line' id='line_1_56' title="bbox 1297 3245 1456 3305; baseline 0.019 -15"><span class='ocrx_word' id='word_1_337' title='bbox 1297 3245 1334 3291; x_wconf 81' lang='lat' dir='ltr'><strong>De</strong></span> <span class='ocrx_word' id='word_1_338' title='bbox 1344 3246 1456 3305; x_wconf 68' lang='lat' dir='ltr'><strong>prudenti</strong></span> 
     </span>
     <span class='ocr_line' id='line_1_57' title="bbox 1298 3303 1452 3350; baseline 0.019 -2"><span class='ocrx_word' id='word_1_339' title='bbox 1298 3303 1380 3350; x_wconf 77' lang='lat' dir='ltr'><strong>delectu</strong></span> <span class='ocrx_word' id='word_1_340' title='bbox 1398 3306 1452 3350; x_wconf 87' lang='lat' dir='ltr'><strong>Ins-</strong></span> 
     </span>
     <span class='ocr_line' id='line_1_58' title="bbox 1297 3362 1453 3408; baseline 0.026 -4"><span class='ocrx_word' id='word_1_341' title='bbox 1297 3363 1363 3406; x_wconf 84' lang='lat' dir='ltr'><strong>tituti</strong></span> <span class='ocrx_word' id='word_1_342' title='bbox 1400 3362 1453 3408; x_wconf 81' lang='lat' dir='ltr'><strong>reli-</strong></span> 
     </span>
     <span class='ocr_line' id='line_1_59' title="bbox 1293 3420 1364 3476; baseline 0.014 -11"><span class='ocrx_word' id='word_1_343' title='bbox 1293 3420 1364 3476; x_wconf 82' lang='lat' dir='ltr'><strong>giosi.</strong></span> 
     </span>
    </p>
   </div>
   <div class='ocr_carea' id='block_1_12' title="bbox 0 0 1578 5004">
    <p class='ocr_par' dir='ltr' id='par_1_21' title="bbox 0 0 1578 5004">
     <span class='ocr_line' id='line_1_60' title="bbox 0 0 1578 5004; baseline 0 1"><span class='ocrx_word' id='word_1_344' title='bbox 0 0 1578 5004; x_wconf 95' lang='lat' dir='ltr'><strong> </strong></span> 
     </span>
    </p>
   </div>
  </div>
 </body>
</html>
