3142 5004
100 505 101 508 ,
127 453 310 535 [380·382]
343 473 379 508 me
395 471 552 507 rurvruuero
568 471 753 507 nxnnrrronrs
769 472 804 507 nr
820 472 977 510 norasrnrn
992 474 1113 510 amscoar
1155 451 1214 513 {lii

127 616 229 700 ipsius
247 613 490 691 benedictione,
507 613 561 675 vel
578 610 649 692 ipso
666 611 932 676 contradicente.
950 613 989 677 C.
1006 611 1213 692 laseraiabr'li,

131 723 165 779 13
184 699 250 761 feb.
274 702 363 772 1622,
383 695 538 776 Gregorii
554 712 610 756 xv.
764 746 768 755 .

170 782 203 864 b)
221 781 406 864 Quotquot,
430 779 502 840 sine
526 777 771 858 approbatione
792 777 951 860 Episcopi
968 778 1043 857 loci,
1060 778 1133 840 ausi
1149 777 1217 840 sint

127 861 314 927 secularium
340 861 492 943 excipere
520 859 732 941 confessiones.
752 861 790 924 C.
819 862 898 926 Cam
927 861 1008 923 sieut
1035 861 1214 942 accepimns,

132 972 169 1031 14
185 946 264 1010 maii
283 950 372 1026 1653,
390 946 507 1007 Innoc.
525 961 558 1005 x.
595 951 598 956 ’

171 1033 201 1108 c)
226 1029 400 1112 Quotquot
420 1024 623 1089 violaverint
645 1024 818 1089 decretum
847 1026 977 1090 Urbani
1005 1043 1079 1105 vrri,
1105 1025 1217 1089 Sacro·

129 1117 248 1190 saneta,
280 1129 315 1191 15
345 1115 444 1173 mart.
476 1111 576 1189 1642,
594 1107 634 1170 de
662 1105 875 1172 removendis
903 1109 945 1172 ab
972 1109 1216 1173 Ecclesiisetc.

131 1193 331 1276 imaginibus
352 1191 488 1256 Domini
513 1190 629 1254 Nostri
656 1198 689 1254 et
716 1193 920 1255 Sanctorum
950 1212 1035 1274 quae
1058 1193 1218 1254 scandalo

132 1280 197 1342 sint
211 1279 266 1339 vel
280 1278 480 1339 inconsueto
496 1275 594 1337 modo
611 1274 776 1356 depictae.
872 1339 876 1346 ,
1069 1351 1071 1356 Ι
1178 1329 1179 1334 ,

115 1374 118 1379 ’
173 1363 261 1427 381.
290 1363 341 1422 De
364 1361 591 1421 exsecutione
614 1359 753 1435 piarum
770 1360 1010 1420 voluntatum.
1032 1357 1218 1438 Regulares

132 1444 187 1526 qui
204 1441 453 1523 exsequendum
478 1440 688 1522 susceperint
711 1446 952 1503 testamentum
978 1441 1112 1518 debent,
1131 1438 1218 1517 quod

133 1527 175 1589 ad
202 1528 315 1606 legata
342 1524 408 1606 pia,
437 1522 523 1585 sicut
550 1523 653 1584 ceteri
681 1525 859 1586 rationem
877 1524 1016 1586 reddere
1042 1523 1082 1584 de
1108 1522 1219 1583 officio

133 1609 278 1690 explet0,
308 1611 527 1688 possuntque,
555 1605 582 1666 si
609 1603 820 1685 deliquerint,
848 1607 889 1667 ab
912 1606 1080 1687 Episcopo
1097 1605 1218 1687 puniri.

134 1689 256 1765 ciem,
275 1687 465 1768 ReligiosiS,
481 1708 539 1750 un.
555 1689 605 1749 De
627 1689 814 1750 testamentis
829 1693 857 1749 et
872 1687 989 1750 alte'mr's
1001 1687 1219 1750 volaratatr'bas.

176 1774 265 1838 382.
294 1773 467 1851 Quaeres,
495 1773 538 1833 de
566 1772 661 1832 ultro
687 1782 834 1850 accepta
861 1775 1031 1850 Episcopi
1056 1773 1220 1849 jurisdic-

138 1858 249 1935 tione,
264 1861 378 1915 utrum
396 1873 500 1914 necne
513 1853 641 1934 possint
654 1853 839 1933 Regulares
855 1854 948 1916 adire
961 1856 1003 1916 ad
1015 1855 1221 1936 Episcopum

136 1937 203 2001 loci
221 1936 417 1999 monasterii
434 1936 518 1998 utin
534 1934 683 2016 ipsorum
699 1937 845 2016 gratiam
863 1943 980 1998 utatur
1003 1936 1221 1998 facultatibus

127 2020 206 2084 ¹suis
223 2017 409 2096 absolvendi,
424 2015 630 2100 dispensandi,
649 2026 714 2082 etc.

178 2105 220 2165 R.
248 2125 275 2166 1.
307 2101 457 2164 Positive
483 2100 649 2162 sancitum
673 2112 724 2164 est
751 2111 788 2163 ut
814 2101 1000 2181 Regulares
1028 2100 1222 2163 fruerentur

139 2185 294 2249 omnibus
311 2183 453 2245 indultis
469 2183 506 2244 de
521 2182 714 2253 abstinentia,
734 2185 797 2246 nisi
815 2183 970 2266 propriae
987 2179 1107 2245 dehoc
1123 2201 1222 2262 argu-

139 2275 253 2332 mento
282 2266 459 2329 obstarent
484 2267 587 2346 leges.
616 2264 686 2328 cfr.
715 2266 868 2348 rescript.
897 2267 933 2329 S.
957 2266 1066 2329 Officii
1088 2287 1127 2329 20
1150 2264 1222 2328 dec.

142 2358 237 2432 1871;
257 2372 297 2414 20
308 2351 379 2432 jan.
400 2355 489 2429 1892.
506 2347 670 2426 Mom'lore,
688 2365 733 2424 rx,
749 2371 778 2427 2,
794 2370 826 2430 p.
840 2355 912 2411 228.

178 2456 208 2497 2.
226 2435 265 2496 ln
282 2432 490 2506 universum,
508 2451 562 2493 res
575 2451 642 2492 non
655 2439 756 2494 vacat
773 2432 979 2505 difficultate,
999 2451 1075 2493 curn
1089 2431 1224 2494 fictione

133 2515 219 2598 juris
247 2521 453 2578 conseantur
479 2515 665 2595 Regulares
692 2515 822 2578 versari
840 2520 937 2576 extra
953 2514 1144 2591 dioecesim,
1163 2534 1224 2575 nec
1245 2577 1247 2582 ,

138 2599 266 2680 possint
291 2599 465 2661 remittere
491 2617 589 2659 suam
618 2597 863 2680 exemptionem
887 2617 953 2679 qua
970 2597 1225 2660 commendatur

139 2682 239 2745 etiarn
253 2682 288 2744 S.
306 2679 478 2744 Pontificis
501 2680 701 2744 auctoritas.
718 2683 788 2744 Nec
812 2701 864 2743 res
878 2681 1071 2743 recentibus
1088 2701 1225 2762 respon-

139 2766 184 2827 sis
199 2765 234 2827 S.
255 2764 350 2827 Sedis
377 2772 428 2826 est
455 2763 632 2844 dirempta.
650 2765 702 2826 lta
719 2764 754 2827 S.
780 2764 934 2827 Officium
950 2763 1043 2846 prius
1062 2764 1070 2790 ¹
1088 2764 1225 2844 negavit

139 2847 306 2929 Episcopo
335 2867 432 2908 usum
461 2847 624 2908 adversus
656 2847 841 2929 Regulares
871 2867 928 2907 saa
951 2845 1105 2928 facultate
1131 2847 1226 2926 quin·

141 2929 296 3008 quennali
325 2928 539 3010 dispensandi
569 2929 604 2990 in
634 2938 747 2991 aetate
777 2930 1098 3010 promovendorum,
1134 2929 1222 3007 dein,

142 3031 180 3154 ἐς
194 3030 265 3100 μη.
286 3014 375 3099 11896,
394 3011 535 3071 eundem
551 3030 620 3071 non
645 3013 814 3074 concessit
831 3012 894 3074 nisi
910 3011 1000 3073 facto
1026 3012 1131 3074 verbo
1149 3031 1226 3074 curn

169 3099 378 3153 anctissimO.

1279 758 1424 806 Samiarium

1270 815 1424 877 confessiones

1270 877 1321 921 sine
1339 879 1420 934 appro-

1271 933 1428 993 larioneEpr'-

1272 993 1335 1051 scopi
1344 1005 1352 1043 ,·

1289 1075 1429 1121 Asseraalr'o

1272 1133 1404 1190 imaginum

1272 1203 1329 1248 quae
1349 1191 1399 1236 siat

1271 1246 1384 1294 seandalo
1398 1245 1432 1295 vel

1272 1306 1403 1352 abnormrs.

1302 1390 1431 1437 Exsecalr'o

1270 1449 1366 1507 piarum
1377 1461 1416 1494 vo·

1274 1507 1401 1553 laniatum.

1304 1773 1341 1818 De
1358 1771 1434 1831 juris·

1275 1829 1378 1876 dictione
1394 1844 1434 1876 vo·

1277 1887 1383 1936 lienteria
1396 1901 1402 1936 ι

1308 2075 1406 2158 meaa

1280 2170 1399 2216 abstinere·

1279 2230 1333 2286 liae,

1307 2451 1395 2510 Regale

1280 2511 1406 2568 generalis,

183 3183 407 3248 Nihilominus
431 3187 618 3248 communis
644 3187 744 3250 hodie
771 3188 950 3264 sententia,
975 3187 1053 3249 nixa
1076 3205 1227 3267 praeser·
1304 3247 1306 3252 .

142 3268 202 3332 tim
229 3287 299 3349 reg.
334 3271 370 3330 61
404 3266 491 3349 juris
522 3267 672 3330 in'602«
707 3270 804 3351 Quod
831 3269 873 3346 ob
906 3271 1051 3349 gratiam
1086 3269 1228 3350 alicujus

146 3351 343 3414 conceditur
359 3368 425 3411 non
442 3355 492 3411 est
509 3349 543 3412 in
558 3351 630 3432 ejus
647 3351 854 3434 dispendium
870 3351 1132 3431 retorquendum
1151 3377 1179 3428 >›,
1197 3351 1229 3413 id

143 3433 298 3497 concedit
328 3433 400 3496 fieri
430 3451 540 3514 posse,
573 3434 671 3496 modo
702 3434 858 3516 proprius
891 3443 1021 3495 annuat
1050 3434 1226 3515 Superior.

144 3517 214 3580 Cir.
233 3516 399 3592 Sanchez,
417 3515 451 3577 m
474 3515 676 3599 Deealogma,
703 3519 724 3579 l.
750 3540 780 3600 4,
806 3537 835 3578 c.
862 3537 911 3597 39,
937 3537 970 3609 τιτ
990 3538 1028 3608 2]
1045 3535 1122 3595 sqq;
1141 3515 1227 3592 Piat,

144 3610 169 3663 t.
191 3621 217 3678 1,
241 3620 273 3680 p.
291 3621 369 3682 4η-
391 3600 573 3662 Praeterea
600 3599 717 3680 negari
746 3601 860 3680 nequit
886 3605 1029 3680 vestigia
1053 3617 1229 3680 superesse
1293 3643 1294 3646 ,

140 3682 384 3766 jurisdictionis
401 3683 443 3743 ob
461 3701 544 3761 quae
561 3683 750 3764 Episcopus
767 3684 831 3744 loci
858 3681 1052 3744 monasterii
1075 3681 1180 3762 possit
1197 3681 1229 3742 in

146 3785 182 3828 re
208 3764 386 3828 favorabili
414 3764 477 3826 dici
499 3785 572 3827 suas
595 3786 614 3826 a
638 3766 874 3846 Regularibus.
902 3766 954 3827 Ita
976 3765 1170 3828 nominatur
1197 3764 1229 3826 in

147 3868 286 3926 canone,
301 3854 494 3929 competens
510 3855 562 3910 est
575 3867 636 3931 pro
649 3848 931 3926 ordinationibus
947 3854 1012 3911 ete.

188 3953 218 4010 3.
235 3931 286 3993 Ob
314 3931 454 3992 similem
483 3949 633 4008 causam,
662 3933 848 4013 Regulares
875 3931 1099 3993 lucrabuntur
1125 3930 1231 3992 eadal-

143 4013 264 4095 geatr'as
280 4032 374 4094 quas,
396 4013 476 4095 ipsis
493 4034 559 4075 non
584 4016 743 4098 exceptis,
760 4014 919 4098 Episcopi
943 4015 1094 4077 fidelibus
1119 4013 1152 4076 in
1170 4034 1232 4076 sua

147 4095 294 4158 dioecesi
312 4097 572 4178 impertiverint.

178 4402 185 4437 ¹
198 4401 255 4450 Cir.
269 4400 363 4448 Colleet.
376 4401 450 4460 Prop.
461 4399 521 4448 Fid.
539 4415 566 4448 n.
586 4417 650 4458 1172.
664 4399 873 4450 Observandum
885 4406 975 4449 tamen
986 4401 1144 4450 facultatem
1156 4401 1236 4452 istam

145 4458 280 4532 'Episcopi
292 4459 344 4509 hac
354 4473 413 4508 esse
423 4457 659 4518 circumscriptam
670 4461 808 4509 clausula:
821 4460 856 4508 Οὐ
873 4463 1034 4521 operariorum
1044 4463 1176 4520 penuriam.

1321 3943 1445 4002 Indulgen-

1289 4004 1343 4050 ttae.
