3148 5004
158 412 338 494 [183-186]
443 435 480 469 on
494 393 662 470 novrrrnrus
678 433 862 470 nnenssmnrn
878 399 915 470 ni
929 435 1081 478 nnJuncris
1186 411 1243 486 ill

156 571 289 634 Ordines
304 573 407 651 presse
434 571 508 633 tales
531 577 601 633 tam
627 571 766 634 virorum
788 591 889 652 quam
912 570 1108 650 monialium,
1126 568 1246 647 nuliam

156 654 342 726 declaravit
354 654 597 737 professionem
613 653 700 716 illius
717 655 773 734 qui
792 681 805 709 e
824 655 953 718 minore
966 662 1129 736 tempore,
1144 673 1245 734 quam

155 756 371 820 perannum,
389 745 466 818 post
482 743 676 818 susceptum
693 737 845 821 habitum
870 739 902 800 in
920 738 1119 820 probatione
1141 743 1246 801 stete·.

155 819 212 882 rit.
240 846 253 875 »
282 819 320 881 ln
346 838 413 898 qua
434 820 520 900 lege,
538 838 611 897 seu,
637 826 675 881 ut
697 827 804 897 alunt,
821 820 854 882 in
869 841 951 883 anno
967 819 1148 888 Conciliari,
1176 838 1243 886 non

155 903 239 964 solet
263 902 298 964 S.
328 901 454 983 Congr.
484 904 688 984 dispensare.
714 904 909 985 Nervegna‚
935 903 983 966 De
1001 902 1071 984 jure
1091 901 1241 984 practico,

179 1007 277 1048 .102.
1242 1045 1244 1050 ,

155 1004 175 1066 p
197 1089 227 1130 2.
244 1066 347 1144 Idem,
376 1067 466 1148 quod
482 1067 655 1130 minimum
682 1067 726 1129 sit
751 1074 895 1148 tempus,
914 1066 1119 1149 praecipitur
1136 1067 1242 1130 Cons-

156 1149 368 1213 titutionibus
398 1150 593 1232 approbatis
623 1150 907 1232 Congregationaan
935 1148 1178 1233 religiosarum:
1208 1154 1242 1212 et

155 1252 294 1374 prorsus
317 1232 469 1323 decetut
492 1233 534 1294 ab
560 1233 624 1296 hoc
644 1233 720 1314 jure
743 1253 813 1295 non
836 1233 1015 1296 recedatur
1039 1233 1072 1294 in
1087 1233 1241 1296 institutis

177 1335 352 1377 eaeeesana.
555 1330 557 1336 ’
736 1335 738 1338 ·

201 1399 286 1462 185.
313 1421 341 1461 1.
356 1397 447 1481 Quod
458 1399 500 1460 ad
512 1397 656 1460 Ordines.
677 1420 708 1488 ι.ἱ
721 1399 767 1462 Ut
788 1397 975 1460 communis
991 1397 1056 1462 fert
1072 1416 1153 1458 usus
1166 1416 1241 1461 ver·

156 1479 275 1541 borum
289 1488 322 1542 et
331 1481 538 1563 approbatae
550 1483 723 1562 postulant
736 1483 884 1562 regulae,
893 1479 1020 1542 initium
1031 1480 1241 1561 probationis

156 1570 208 1622 est
228 1562 270 1623 ab
286 1563 440 1643 ingressu
464 1563 496 1624 in
524 1569 727 1626 conventum
750 1584 810 1625 seu
832 1563 1074 1626 monasterium
1095 1563 1241 1643 legitime

157 1644 384 1724 designatum,
404 1655 504 1726 atque
517 1647 557 1707 ad
580 1648 766 1710 novitiatus
782 1646 948 1708 rationem
962 1647 1106 1726 pertinet
1121 1653 1159 1707 ut
1181 1665 1241 1727 per

157 1725 302 1806 aliquam
314 1731 433 1791 saltem
450 1729 530 1790 anni
546 1736 676 1810 partem
693 1730 840 1792 novitius
857 1729 890 1790 in
903 1734 1073 1790 conventu
1086 1747 1240 1810 perman-

156 1811 250 1871 serit.
268 1809 394 1891 Quare,
423 1818 498 1892 post
525 1810 564 1874 C.
581 1811 674 1875 Trid.
700 1831 727 1874 s.
751 1831 789 1892 25
813 1813 862 1873 De
884 1809 997 1891 Regni.
1022 1831 1051 1874 c.
1079 1829 1126 1890 15,
1152 1811 1240 1891 quod

154 1911 271 1953 veram
285 1891 386 1974 exigit
398 1895 497 1956 unius
509 1893 1241 1976 anniprobationem,idrequiriturutvaleat

154 1973 269 2036 lutura
281 1977 456 2057 professio
471 1976 540 2039 Cir.
555 1978 666 2040 Bouix
677 1985 701 2040 t.
714 2001 742 2056 1,
752 1997 783 2059 p.
795 1983 879 2057 5782.
895 1976 984 2039 Idem
998 1983 1148 2038 ceterum
1161 1997 1239 2038 con-

154 2057 259 2135 venit,
283 2065 316 2120 et
343 2059 405 2121 SS.
422 2059 615 2138 Pontifices,
644 2060 677 2122 in
703 2063 772 2127 suis
790 2055 1107 2138 Constitutionibus,
1133 2059 1239 2139 magis

155 2159 255 2220 quam
279 2141 476 2219 decernunt,
494 2140 574 2206 illud
596 2150 717 2226 putant
738 2143 877 2205 factum.

196 2245 226 2286 2.
240 2223 361 2302 Debet,
379 2245 420 2286 ex
434 2227 642 2308 praescripto
654 2225 704 2288 Pii
727 2243 773 2302 lx,
798 2247 836 2288 22
860 2223 975 2306 aprilis
990 2229 1079 2302 1851,
1094 2223 1126 2284 in
1140 2223 1239 2285 domo

155 2304 347 2369 Novitiatus
362 2307 478 2388 vigere
491 2308 555 2372 vita
564 2307 697 2390 perfecte
709 2307 890 2371 commentis.
904 2305 989 2370 Litt.
1002 2306 1133 2388 encycl.
1147 2305 1184 2370 S.
1198 2305 1245 2368 C..-

155 2387 217 2469 Ep.
234 2396 268 2451 et
283 2389 367 2470 Reg.
385 2390 474 2474 apud
489 2391 652 2470 Bizzarri,
669 2411 701 2473 p.
720 2413 791 2472 903.

196 2492 225 2548 3.
242 2473 280 2534 Ia
293 2471 390 2535 Italia
404 2479 493 2554 atque
515 2473 625 2537 insulis
647 2471 870 2555 adjacentibus
888 2473 1019 2550 domus,
1044 2471 1107 2535 sub
1130 2491 1239 2554 poena

155 2554 329 2633 nullitatis,
355 2557 521 2638 plerisque
544 2562 662 2620 saltem
686 2555 879 2630 Ordinibus,
908 2554 1134 2635 designandae
1160 2558 1239 2617 sunt

1313 1083 1347 1130 Et
1356 1083 1458 1142 Congre-

1293 1143 1409 1198 gatianaes.

1316 1417 1456 1466 Novitiatns

1295 1473 1366 1523 locus.

1295 1585 1406 1694 Oriiieds
1424 1587 1456 1634 aa

1323 1755 1369 1806 Jns
1393 1769 1455 1804 com-

1293 1825 1369 1861 mune.

1293 2485 1340 2536 Jus
1356 2485 1371 2531 I
1373 2483 1452 2534 raziae.

153 2655 173 2696 a
195 2637 230 2699 S.
248 2637 336 2717 Sede,
355 2640 375 2701 i.
394 2660 423 2700 e.
448 2660 468 2700 a
485 2639 756 2722 Congregatione
779 2659 881 2722 super
897 2637 1072 2719 disciplina
1093 2638 1239 2717 Regula·
1303 2705 1304 2708 Ἴ

155 2717 252 2781 rium.
280 2720 332 2782 Ita
358 2729 553 2785 statuerunt
583 2724 816 2786 Clemens-viu
833 2721 1096 2797 Constitutione,
1113 2720 1239 2802 pluries

156 2801 355 2866 confirmata
372 2805 394 2881 ¹,
411 2806 578 2888 Regularis
590 2805 780 2886 disciplinae,
803 2825 837 2867 12
851 2811 951 2867 mart.
973 2808 1061 2884 1596,
1078 2809 1122 2881 et,
1139 2804 1239 2865 inno·

156 2884 266 2945 centio
296 2888 587 2966 X11Pontifice,S.
613 2888 717 2969 Cong.
737 2906 837 2969 super
852 2887 978 2968 discipl.
1004 2905 1075 2966 reg.
1103 2887 1239 2950 decreto

154 2966 386 3044 Sanctissimae,
404 2991 443 3030 20
454 2971 527 3050 jun.
549 2977 637 3050 1699.

196 3049 355 3110 Nonnulli
371 3056 548 3113 autumant
568 3054 704 3115 decreta
727 3053 792 3113 ista
815 3050 913 3113 hodie
936 3052 1003 3113 vim
1026 3049 1151 3112 habere
1167 3049 1238 3112 uni·

154 3129 332 3191 versalem.
357 3131 455 3213 Quod
477 3133 504 3194 si
527 3134 613 3195 forte
630 3153 747 3195 verum
772 3133 815 3193 sit
838 3133 870 3193 in
894 3134 991 3194 Italia
1005 3139 1107 3212 atque
1123 3133 1240 3195 insulis

155 3210 400 3292 adjacentibus
425 3217 532 3295 magis
555 3237 596 3278 ex
618 3216 859 3276 consuetudine
877 3234 976 3294 quam
998 3217 1125 3293 scripto
1146 3233 1240 3294 repe-

155 3295 292 3356 tendum
309 3301 361 3358 est
372 3297 468 3378 jureg
491 3305 588 3361 extra
604 3305 716 3360 autem
739 3297 870 3359 ltaliam
894 3298 1022 3359 inficias
1045 3299 1144 3358 imus.
1168 3296 1237 3359 Cir.

154 3376 241 3455 Piat,
260 3384 285 3440 t.
302 3396 313 3440 1
331 3399 363 3460 p.
384 3385 517 3462 mci-109
534 3385 588 3443 vel
603 3383 871 3462 supplementum
887 3396 933 3441 1v.

195 3461 240 3523 N.
257 3461 299 3523 Β.
316 3462 508 3525 Novitiatus
526 3464 634 3526 lactus
646 3465 679 3525 in
692 3470 760 3524 ¹uno
776 3462 900 3525 Ordine
913 3461 1118 3542 Religiosum
1131 3480 1151 3521 a
1167 3461 1239 3539 lege

153 3539 352 3606 Tridentina
368 3547 498 3608 annalis
514 3545 721 3629 probationis
738 3565 804 3606 non
817 3545 932 3608 eximit
947 3547 980 3607 in
996 3546 1102 3608 altero
1115 3542 1239 3607 Ordine

152 3624 194 3685 ad
210 3644 308 3705 quem
324 3628 508 3692 transierit.
525 3631 577 3692 lta
593 3628 780 3692 communis
797 3627 977 3691 sententia.

194 3707 236 3770 Il.
255 3711 345 3792 Qeeod
370 3711 413 3772 ad
440 3713 697 3796 Congregationes
723 3709 896 3794 religiosas,
922 3712 994 3774 sola
1018 3710 1053 3772 S.
1071 3709 1187 3788 Sedes,
1204 3709 1238 3770 in

153 3793 377 3871 approbandis
393 3813 509 3858 earum
534 3795 852 3871 Constitutionibus,
881 3793 1035 3875 stipulari
1061 3812 1237 3854 romanam

152 3875 427 3954 approbationem
444 3879 617 3956 domorum
633 3876 852 3960 probationis

197 3957 282 4022 186.
308 3961 469 4038 Quaeres
496 3981 576 4024 num
604 3960 788 4024 novitiatus
816 3959 935 4022 debeat
960 3964 1041 4022 totas
1066 3959 1181 4042 peragi
1204 3958 1238 4021 in'

150 4043 356 4104 monasterio
368 4043 380 4104 i

178 4292 185 4326 ¹
205 4291 225 4338 C
230 4290 261 4336 lr.
274 4291 304 4338 C.
324 4289 409 4336 Nullas
421 4291 523 4339 omnino.
535 4295 562 4336 25
571 4287 628 4346 jun.
643 4295 714 4346 1599:
729 4289 760 4336 C.
774 4289 833 4336 Cum
843 4287 875 4335 ad
887 4287 1023 4346 regolarem,
1038 4303 1064 4344 ¹9
1073 4288 1151 4333 mart.
1170 4291 1236 4344 1603,

148 4347 269 4406 ejusdem
289 4347 445 4399 Pontificis:
468 4349 548 4395 Decr.
562 4347 586 4395 S.
605 4348 690 4406 Cong.
712 4345 841 4401 Concilii,
859 4347 938 4393 Sacra
950 4346 1116 4410 congregatio,
1130 4359 1155 4392 21
1168 4349 1237 4401 sept.

152 4413 215 4464 1624,
229 4405 333 4453 editum
342 4405 418 4466 jussu
432 4404 538 4454 Urbani
551 4417 600 4452 vm
607 4418 613 4462 ;
627 4406 658 4453 C.
671 4403 804 4463 Religiosos
814 4407 890 4461 viros,
903 4422 915 4453 2
928 4405 1007 4462 aprll.
1023 4411 1087 4450 1631.

1323 3061 1383 3120 Ejus
1415 3063 1451 3108 vis

1295 3119 1370 3166 hodie.

1323 3465 1385 3525 Quid
1399 3468 1423 3512 si

1294 3528 1399 3570 transeas
1419 3522 1452 3568 ad

1292 3581 1390 3628 aiterum
1408 3581 1452 3628 Or-

1293 3639 1389 3686 dinem?

1321 3719 1394 3786 Quod
1419 3720 1454 3788 ad

1292 3784 1456 3840 congregatio·¹

1292 3853 1340 3887 nes.

1320 3975 1362 4020 An
1384 3973 1451 4020 aovi-

1293 4033 1365 4080 tiatas
1393 4035 1453 4076 totus

1288 4087 1431 4150 peragendus

1292 4149 1458 4197 estimantes·-

1291 4205 1360 4252 ierio.
1432 4243 1433 4248 .
1453 4243 1457 4250 .
