3138 5014
123 1237 261 1300 ¹Praecipua·

106 1307 153 1352 erus
164 1300 238 1344 acius.

131 1734 246 1781 Rationis

102 1795 256 1838 conscientiae

102 1847 217 1908 definitio.

129 2139 203 2188 Finis
220 2142 262 2189 im·

100 2198 225 2255 radiatus,

100 2256 223 2305 mediatos.

128 3135 249 3196 obligatio

99 3200 187 3244 secreti.

320 401 381 465 298
448 477 449 480 Ἴ
680 423 890 458 rarissimum.
908 422 999 460 carus
1014 421 1052 459 vn

321 562 429 620 cetur.
444 557 556 620 ¹Istius
579 556 821 640 jurisdictionis
835 577 915 620 usus
928 559 969 620 ad
983 557 1074 622 viros
1088 563 1219 622 tantum
1232 553 1409 618 ecclesias·

321 639 407 702 ticos
423 646 578 723 spectare
601 646 723 722 potest,
741 647 859 720 estque
882 659 983 722 penes
1002 641 1202 724 Superiores
1232 641 1409 721 regulares
1430 701 1435 710 ,

321 723 409 803 quod
425 723 467 785 ad
483 722 644 786 Instituta
666 728 821 806 exempta;
848 728 882 785 et
908 723 997 804 quod
1018 725 1061 787 ad
1086 723 1152 786 alia
1168 741 1270 806 penes
1293 741 1408 786 sacer·

320 807 415 868 dotes
434 807 605 885 delegatos
621 803 664 868 ab
679 805 855 887 Episcopis
871 805 1074 872 dioecesium
1092 807 1125 869 in
1142 807 1262 887 quibus
1279 804 1408 878 habent

319 887 496 951 domicilia.
515 887 585 951 Cir.
603 886 641 951 C.
658 887 809 952 Conditor
824 909 844 950 rr
859 887 994 958 Christo,
1011 909 1040 952 c.
1058 911 1088 966 2,
1107 910 1140 951 n.
1158 895 1189 952 8.

361 971 487 1033 Verum
499 970 554 1034 hic
567 970 740 1051 quaeritur
755 972 795 1032 de
806 969 964 1052 spirituali
977 970 1182 1034 sollicitudine
1198 990 1284 1052 quae
1300 969 1407 1033 refer-

319 1060 376 1114 tur
397 1053 509 1136 potius
535 1054 579 1116 ad
604 1053 802 1116 domesticam
824 1060 858 1115 et
878 1057 1042 1134 paternam
1064 1061 1280 1136 potestatem,
1304 1053 1352 1116 ita
1367 1060 1406 1116 ut

319 1153 379 1219 per
394 1155 430 1197 se
446 1137 548 1200 etiam
563 1136 596 1198 in
613 1136 734 1200 laicum
749 1143 783 1198 et
799 1137 831 1198 in
848 1137 1022 1199 mulierem
1040 1138 1160 1200 cadere
1176 1135 1294 1220 possit.
1345 1205 1349 1212 ,

361 1240 391 1282 2.
408 1217 490 1300 Ejus
498 1218 658 1303 praecipui
667 1225 750 1282 coins
763 1219 828 1280 huc
841 1226 1007 1299 spectant,
1024 1227 1064 1281 ut
1078 1221 1300 1300 disponantur
1313 1237 1406 1281 com·

319 1301 506 1379 muniones,
538 1301 690 1383 corporis
723 1300 971 1378 afflictationes,
1003 1301 1195 1384 spirituales
1225 1302 1403 1382 lectiones,

318 1383 488 1464 variisque
511 1384 659 1447 consiliis
685 1383 807 1445 subditi
823 1384 1026 1465 adjuventur
1049 1385 1083 1446 in
1099 1383 1219 1461 dubiis,
1237 1384 1272 1446 in
1293 1389 1405 1447 tenta-

318 1464 477 1544 tionibus,
494 1467 527 1529 in
539 1466 579 1529 iis
591 1485 676 1546 quae
689 1466 846 1528 videntur
858 1466 900 1527 ad
921 1466 1130 1548 spiritualem
1142 1487 1259 1530 eorum
1273 1460 1404 1548 profec-

319 1555 389 1610 tum
412 1555 540 1631 aptata.
565 1548 662 1631 Quod
689 1568 755 1629 quo
780 1548 910 1611 facilius
937 1556 1140 1631 praestetur,
1170 1548 1329 1611 inductus
1351 1558 1404 1611 est

319 1650 391 1692 mos
412 1630 544 1694 rollonis
560 1631 769 1693 conscientiae.
1181 1671 1183 1676 -

358 1713 448 1777 489.
472 1717 525 1774 De
550 1716 683 1776 ratione
706 1715 961 1778 conscientiae.
988 1737 1016 1780 1.
1033 1713 1195 1794 Definitio.
1215 1715 1299 1776 Cum
1317 1714 1400 1776 Sua-

318 1813 374 1856 rez
391 1794 413 1866 ¹,
431 1795 603 1858 delinitur:
631 1796 891 1860 «Manifestatio
914 1804 1024 1859 status
1047 1796 1274 1859 conscientiae
1298 1816 1399 1877 quam

317 1877 470 1940 subditus
490 1878 569 1942 facit
586 1880 758 1961 Superiori
774 1888 811 1941 ut
827 1879 870 1940 ab
886 1898 926 1940 eo
945 1882 1061 1943 intime
1076 1888 1315 1961 cognoscatur,
1333 1886 1402 1941 tam

317 1959 535 2053 inmoribus,
553 1981 653 2043 quam
681 1962 714 2024 in
737 1961 924 2040 affectibus,
942 1981 1041 2044 quam
1065 1962 1099 2026 in
1122 1961 1402 2046 propensioribus

317 2061 399 2107 surs.
419 2070 433 2099 >

358 2148 388 2190 a.
402 2125 495 2189 Finis
506 2125 686 2209 primarius
703 2135 733 2190 et
751 2127 963 2192 immediatus
976 2133 1026 2190 est
1037 2126 1137 2208 ipsum
1149 2127 1260 2190 bonurn
1271 2126 1401 2191 subditi.

316 2209 450 2272 Mrdr'aic
479 2209 665 2272 consulitur
690 2210 792 2272 etiam
821 2211 910 2272 bono
938 2209 1101 2289 Instituti,
1131 2220 1202 2274 tum
1234 2217 1402 2291 quatenus

317 2293 516 2374 conjunctae
529 2300 608 2354 sunt
624 2293 747 2356 subditi
763 2300 796 2354 ct
808 2293 958 2356 instituti
970 2293 1131 2372 rationeS,
1148 2300 1221 2356 tum
1233 2300 1401 2375 quatenus

317 2374 478 2456 Superior
508 2374 732 2454 cognitionem
760 2375 858 2438 istam
874 2377 916 2438 ad
932 2377 1057 2439 bonum
1073 2375 1221 2438 Instituti
1238 2376 1398 2440 ordinare

317 2476 382 2517 non
419 2457 628 2538 prohibetur,
664 2456 761 2518 modo
785 2457 816 2520 icl
853 2458 912 2520 liat
934 2459 1006 2520 sine
1029 2457 1151 2521 subditi
1179 2458 1300 2519 damno
1337 2465 1399 2516 aut

316 2539 525 2600 incommodo
552 2540 708 2620 positivo,
725 2551 759 2600 et
779 2539 918 2619 proinde
934 2541 1005 2602 sine
1032 2540 1153 2604 secreti
1177 2537 1393 2604 revelatione.

314 2620 367 2682 Ita
382 2641 415 2683 v.
432 2640 483 2700 gr.
502 2621 607 2701 possit
630 2620 789 2701 Superior
812 2621 1023 2684 committere
1051 2620 1268 2686 ministerium
1284 2617 1396 2680 minus

315 2711 450 2780 gratum
465 2703 598 2764 subdito
615 2722 713 2782 quem
730 2723 770 2765 ex
786 2703 851 2765 ista
867 2704 996 2767 ratione
1011 2706 1143 2768 noverit
1160 2703 1275 2766 firmae
1287 2700 1398 2763 virtu-

315 2785 368 2862 tis,
387 2792 419 2846 et
435 2790 554 2847 contra
569 2805 686 2847 arcere
703 2786 832 2848 honore
849 2787 1036 2868 periculoso
1053 2807 1150 2868 quem
1167 2785 1263 2849 nimis
1287 2803 1400 2847 vanae

314 2868 440 2948 gloriae
457 2867 714 2949 deprehenderit
730 2867 898 2949 cupidum.
915 2871 953 2932 In
969 2869 1053 2932 haec
1084 2874 1242 2932 censetur
1272 2885 1331 2951 per
1362 2887 1400 2929 se

315 2949 467 3012 subditus
482 2951 585 3013 tacite
612 2953 814 3014 consentire.
840 2951 909 3015 Ct'r.
928 2953 1068 3030 Suarez,
1093 2959 1137 3014 tr.
1165 2973 1213 3029 10,
1231 2951 1253 3014 l.
1271 2956 1301 3028 6,
1318 2969 1348 3012 c.
1366 2969 1397 3028 2,

300 3040 347 3096 n.
368 3054 416 3112 13.

355 3136 385 3193 3.
406 3116 503 3199 Quod
525 3116 567 3178 ad
588 3122 744 3186 secretum,
764 3136 823 3200 per
838 3137 873 3179 se
897 3117 981 3179 haec
997 3115 1224 3179 conscientiae
1240 3113 1398 3176 manifes-

286 3274 288 3278 .
313 3198 397 3261 tatio
412 3200 511 3261 infert
526 3198 762 3280 gravissimam
777 3199 1016 3280 obligationem
1031 3197 1152 3262 secreti
1168 3197 1339 3269 commissi
1355 3196 1397 3258 ad

313 3282 488 3344 consilium
503 3282 695 3362 petendum,
706 3281 768 3343 nisi
782 3285 869 3362 quot
882 3282 924 3343 ob
937 3283 1038 3344 finem
1051 3282 1092 3343 ad
1106 3300 1203 3361 quem
1217 3279 1396 3342 ordinatur

311 3365 531 3447 permittitur,
549 3365 633 3427 citra
649 3365 865 3426 revelationis
882 3364 1078 3446 periculum,
1096 3381 1177 3425 usus
1198 3381 1297 3444 quem
1314 3361 1396 3423 dixi·

313 3467 399 3509 mus.
416 3448 514 3509 Valet
529 3459 639 3508 tamen
652 3447 805 3508 subditus
822 3447 911 3509 hunc
925 3465 1022 3509 usum
1037 3447 1238 3508 exteriorem
1252 3445 1397 3525 positive

310 3529 501 3611 prohibere,
519 3529 605 3590 sicut
621 3536 732 3609 potest
747 3529 848 3591 etiam
872 3530 1035 3610 majorem
1051 3529 1238 3590 concedere
1254 3527 1395 3588 faculta-

311 3619 377 3672 tem
391 3612 504 3673 utendi
520 3633 526 3673 :
546 3611 738 3692 permittere
754 3632 787 3673 v.
801 3631 853 3692 gr.
867 3619 904 3672 ut
921 3619 1052 3672 secreto
1069 3610 1194 3672 dictum
1211 3609 1397 3672 communi·

310 3702 407 3758 cetur
436 3713 511 3754 cum
544 3695 703 3756 Praelato
741 3695 1019 3776 majore.·Quem
1054 3711 1267 3770 consensum,
1298 3690 1396 3752 valde

309 3776 551 3856 circumspecte
567 3781 692 3854 tamen,
717 3777 818 3838 etiam
833 3775 993 3858 praesumi
1007 3775 1187 3856 aliquando
1211 3793 1310 3856 posse
1328 3793 1397 3835 non

310 3865 466 3938 negatur.

349 3941 531 4002 Praeterea
545 3941 735 4024 hujusmodi
747 3961 906 4003 assensus
918 3939 1041 4002 tacitae
1055 3939 1172 4002 subest
1186 3936 1393 4000 condicioni:

308 4023 407 4085 modo
429 4023 488 4084 fiat
504 4024 593 4086 intra
610 4025 709 4086 finem
726 4025 768 4084 ob
793 4043 891 4104 quem
916 4022 1124 4086 conscientia
1140 4021 1395 4084 manifestatur.

307 4103 418 4186 Quare
430 4105 613 4189 gravissime
624 4106 790 4189 carpendis
801 4106 841 4167 sii
849 4105 1005 4187 Superior,
1017 4111 1050 4167 et
1063 4105 1195 4186 quidem
1209 4100 1395 4183 injustitiae,

335 4403 390 4450 lDr
400 4403 529 4460 erigiorr,
544 4405 576 4450 ir.
593 4418 628 4459 ro,
642 4401 658 4448 l.
672 4409 721 4458 6,c
744 4417 765 4447 2.
