3138 5014
330 439 391 498 300
688 461 755 496 raras
771 459 900 496 suerius.
919 461 1010 496 carur
1026 463 1063 496 vn

134 603 275 671 ,Laesae-
372 613 402 674 3.
431 595 481 658 Ob
505 595 616 678 plures
641 599 756 661 tamen
780 597 835 679 qui
858 597 1068 680 irrepserunt
1091 598 1229 675 abusus,
1254 591 1289 660 S.
1315 594 1425 659 Sedes

115 662 276 766 2¹s,²,‘⁵,⁹,}‘,²3¹²⁵
330 678 492 760 paulatim
508 677 647 740 inducta
671 687 722 742 est
744 681 787 742 ad
810 681 968 744 ferendas
990 682 1080 762 leges
1104 682 1225 762 quibus
1243 679 1424 742 concessio

115 779 262 843 unumnu·
331 760 527 842 velnegatio
536 762 756 824 communionis
768 765 825 826 uni
838 763 1050 826 addiceretur
1062 762 1276 826 Conlessario
1290 761 1318 840 ¹3
1332 763 1424 824 ratio

115 835 187 883 ium.
331 855 412 905 vero
425 843 621 906 eonscientiae
635 845 726 926 prius
738 845 906 908 exteriore
916 848 1052 928 regulae
1065 845 1284 908 observantia
1298 851 1331 906 et
1344 864 1424 926 pro-

330 925 420 988 fectu
439 927 470 988 in
487 926 669 990 virtutibus
684 929 1029 1006 circumscriberetur,
1047 937 1165 1011 postea
1181 934 1294 991 autem
1311 927 1423 988 omnis

330 1009 402 1090 ejus
432 1011 608 1072 tolleretur
635 1011 807 1092 obligati0,
839 1019 873 1073 et
903 1013 995 1073 nulla
1024 1015 1132 1074 altera
1163 1010 1422 1093 permitteretur

331 1093 558 1154 conscientiae
575 1091 738 1156 revelatio
758 1094 821 1156 nisi
837 1113 976 1175 prorsus
993 1099 1191 1175 spontanea.
1209 1093 1284 1156 Hoc
1303 1093 1422 1154 decer-

331 1174 422 1237 nitur
449 1182 482 1236 et
510 1175 693 1239 efficaciter
718 1177 870 1239 sancitur
897 1177 1084 1259 praecipuis
1111 1179 1263 1238 articulis
1291 1174 1422 1238 decreti

331 1257 608 1340 Quemadmodum,
637 1278 780 1339 quorum
806 1279 929 1343 operae
955 1259 1100 1342 pretium
1127 1267 1179 1320 est
1208 1259 1422 1340 aliquantum

332 1341 541 1422 perpendere
558 1341 637 1403 vim.

130 1437 275 1486 bibrum
371 1424 460 1487 492.
499 1427 551 1484 De
592 1425 836 1486 sanctionibus
877 1427 1011 1487 decreti
1050 1424 1361 1504 Quemadmodum
1394 1417 1419 1485 ².

113 1495 268 1602 parmaens-
331 1503 371 1566 A.
390 1504 485 1587 Quod
502 1506 544 1568 ad
566 1505 855 1588 interpretationem,
874 1509 926 1568 lex
948 1508 1003 1570 illa
1030 1528 1115 1586 quae
1142 1505 1281 1586 corrigit
1305 1507 1361 1587 jus
1386 1513 1421 1566 et

130 1569 222 1682 “gnus
238 1636 274 1682 ,n-
331 1586 456 1648 directe
484 1593 552 1648 tam
569 1588 807 1670 Superioribus
835 1610 935 1672 quam
964 1591 1106 1653 subditis
1133 1590 1273 1670 imponit
1300 1607 1419 1664 onera,

115 1692 266 1754 arpalum,
331 1676 382 1730 est
404 1669 507 1730 stricte
530 1670 736 1752 accipienda.

36 1815 41 1819 ,
116 1790 119 1794 -
144 1777 260 1823 insuauia
371 1752 411 1814 B.
437 1752 534 1834 Quod
550 1754 591 1815 ad
608 1753 765 1833 Instituta,
784 1756 851 1817 lex:
877 1754 909 1833 a)
929 1755 1224 1818 Circumscribitur
1248 1751 1415 1818 Institutis

74 1845 77 1853 '
114 1834 217 1881 annona
330 1834 481 1897 virorum
498 1843 530 1896 et
547 1837 723 1899 mulierum
739 1837 874 1900 omnino
890 1837 998 1900 iaicis:
1015 1859 1081 1900 non
1097 1838 1203 1900 afficit
1220 1857 1309 1918 ergo·
1320 1837 1418 1898 Insti-

113 1892 210 1939 aeonio.
330 1921 405 1978 tuta
420 1936 506 1997 quae
522 1939 543 1980 a
559 1919 766 2001 presbyteris
783 1928 965 2001 reguntur;
981 1923 1015 2000 b)
1033 1922 1171 2003 Spectat
1189 1928 1261 1981 tam
1277 1919 1420 1982 Ordines

329 2005 489 2062 votorum
505 2002 716 2064 sollemnium
733 2022 833 2083 quam
857 2004 1148 2086 Congregationes
1166 2009 1325 2064 votorum
1341 2003 1420 2064 sim-

330 2083 465 2162 plicium
482 2091 516 2146 et
531 2083 602 2166 pias
626 2085 826 2148 Societates.
852 2087 897 2148 Et
914 2087 1009 2148 decet
1030 2089 1150 2148 saltem
1166 2093 1204 2148 ut
1221 2085 1420 2148 dioecesana

329 2165 492 2228 Instituta
506 2168 549 2229 ad
565 2167 652 2232 idem
670 2169 817 2250 regimen
834 2188 869 2230 se
886 2170 1156 2233 accommodent.

113 2261 254 2310 sanctiones
264 2276 273 2310 :
339 2261 340 2270 ’
372 2247 410 2310 C.
428 2249 526 2332 Quod
542 2252 584 2311 ad
600 2249 832 2331 dispositiones:

141 2343 251 2412 Atatem
374 2354 401 2394 1.
419 2332 484 2394 Per
500 2333 722 2414 amplissimas
739 2334 908 2396 clausulas
925 2335 1136 2415 abrogentur
1152 2333 1321 2414 quaelibet
1339 2351 1419 2393 con·

113 2405 260 2506 pupparum-
329 2414 524 2476 stitutiones
555 2434 671 2477 eorum
699 2417 937 2479 Institutorum
970 2443 983 2472 ‹<
1016 2417 1048 2479 in
1079 2437 1119 2479 eo
1149 2417 1238 2496 quod
1269 2413 1369 2476 cordis
1391 2419 1421 2474 et

178 2495 183 2512 ¹
329 2495 527 2557 eonscientiae
538 2496 681 2560 intimam
694 2499 974 2579 manifestationem
988 2501 1106 2581 quovis
1120 2499 1218 2561 modo
1232 2518 1269 2560 ac
1282 2496 1416 2558 nomine

330 2577 525 2658 respiciunt.
553 2581 601 2640 Ac
625 2586 806 2661 propterea
829 2583 917 2643 serio
945 2581 1089 2664 injungit
1106 2581 1290 2660 (Sanctitas
1317 2577 1412 2654 Sua),

330 2660 600 2721 Moderatoribus
616 2681 655 2723 ac
673 2663 956 2726 Moderatricibus
972 2673 1009 2726 ut
1026 2672 1066 2726 e'x
1083 2663 1224 2746 propriis
1241 2659 1416 2723 Constitu·

331 2741 489 2819 tionibus,
527 2741 726 2807 Directoriis
765 2765 805 2806 ac
842 2747 1055 2808 Manualibus
1086 2751 1152 2809 hae
1182 2742 1418 2828 dispositiones

329 2823 465 2886 omnino
495 2824 670 2890 deleantur
697 2846 736 2886 ac
767 2827 900 2909 penitus
926 2838 1176 2911 expungantur.
1209 2855 1222 2884 »
1254 2829 1419 2890 Delentur

329 2905 456 2987 pariter
486 2927 567 2968 usus
598 2909 637 2970 de
667 2909 731 2971 hac
759 2930 795 2972 re
825 2911 924 2974 etiam
953 2911 1238 2974 immemorabiles
1267 2913 1344 2990 (art.
1377 2911 1417 2984 1).

329 2989 514 3051 Materialis
530 2991 585 3052 illa
601 2993 793 3074 suppressio
817 2994 1096 3057 constitutionum
1126 2994 1339 3075 praecipitur
1356 2991 1419 3052 sub

329 3081 488 3154 peccato:
514 3073 603 3136 istud
625 3083 738 3136 tamen
761 3096 828 3137 non
845 3097 918 3169 esse
941 3097 1051 3159 perse
1067 3096 1172 3158 grave
1190 3085 1275 3137 nutu
1294 3073 1418 3155 signifi-

330 3162 428 3216 catur
444 3155 525 3230 ipsis
541 3158 653 3219 verbis
669 3179 676 3219 :
693 3159 772 3220 seria
787 3158 937 3242 injungit.

130 3252 259 3319 ,Pretiae
371 3260 400 3300 2.
422 3263 434 3292 α
453 3238 602 3302 Distriete
617 3239 758 3321 prohibet
774 3242 967 3304 memoratis
985 3240 1200 3324 Superioribus
1217 3259 1256 3302 ac
1274 3237 1418 3322 Superio-

114 3311 276 3416 lppor’ffiuspllg,
328 3319 426 3398 rissis,
457 3321 699 3415 cujuscumque
729 3325 855 3416 gradus
885 3345 924 3386 ac
955 3323 1240 3407 praeeminentiae
1267 3322 1349 3414 sint,
1377 3341 1418 3413 ne

114 3428 230 3474 rationem
323 3406 470 3482 personas
492 3405 554 3466 sibi
576 3404 715 3466 sardditas
736 3407 878 3468 inducere
900 3414 1093 3489 pertentent
1116 3407 1239 3484 directe,
1255 3412 1314 3468 aut
1336 3403 1418 3467 iudi-

114 3487 230 3532 consum-
328 3491 415 3564 recte,
433 3496 626 3568 praecepto.
654 3489 804 3565 consili0,
830 3489 961 3568 timore,
986 3490 1084 3552 urinis
1101 3497 1160 3552 aut
1177 3488 1358 3564 blanditiis,
1377 3487 1419 3548 ad

115 3549 170 3590 Μ’·
328 3567 508 3648 dru'usmodi
528 3569 807 3650 manifestationem
820 3573 1047 3634 conscientiae
1064 3573 1125 3635 sibi
1143 3571 1385 3654 peragendam.
1402 3596 1416 3624 »

130 3679 205 3738 Quam
216 3694 274 3738 gra·
371 3655 402 3728 a)
416 3653 480 3713 Est
496 3661 577 3732 ergo
601 3653 783 3733 prohibitio
804 3655 921 3737 gravis,
947 3656 1006 3717 sed
1028 3674 1208 3736 exgenere
1225 3673 1299 3728 su0‚
1319 3653 1419 3714 ita-ut

116 3738 193 3828 vesp
218 3740 274 3785 aar-
329 3733 485 3794 admittat
522 3735 727 3815 parvitatem
754 3739 927 3799 materiae.
962 3739 1075 3800 Parva
1106 3739 1170 3800 erit
1207 3736 1361 3810 materia,
1390 3735 1418 3796 si

116 3800 181 3842 ‘'m''
329 3816 488 3878 levisnec
506 3817 664 3879 diuturna
687 3817 787 3881 luerit
811 3821 940 3881 coactio
957 3824 1011 3882 vel
1035 3820 1075 3881 de
1100 3839 1137 3882 re
1154 3827 1278 3899 agatur
1295 3816 1418 3880 modici

276 3967 278 3971 ⁸
329 3899 500 3977 momenti,
520 3901 615 3979 cujus
639 3902 804 3963 revelatio
820 3922 887 3964 non
905 3903 1023 3964 afferat
1040 3903 1190 3965 notabile
1206 3918 1417 3982 gravamen:

329 3988 449 4064 utputa
466 3984 632 4062 quodnam
649 3985 692 4045 sit
708 3984 877 4065 objectum
895 3985 1055 4047 examinis
1071 3984 1301 4067 particularis.

129 4087 265 4193 bpmpm)
371 4065 404 4144 b)
431 4064 645 4148 Superioribus
671 4066 761 4128 iacta
788 4077 838 4130 est
861 4069 925 4146 lex,
954 4088 1021 4130 non
1048 4077 1161 4129 autem
1189 4064 1416 4144 confessariis,

115 4159 127 4192 o
153 4161 203 4206 egen
216 4161 258 4194 ur.

358 4327 366 4360 1
377 4324 433 4373 Cir.
446 4324 520 4372 dicta
531 4339 622 4383 supra,
634 4339 661 4372 n.
673 4321 741 4389 465.
801 4380 804 4388 Ι
1316 4379 1320 4387 Ι

355 4385 365 4418 ‘2
378 4384 418 4430 De
429 4382 480 4430 isto
491 4383 601 4430 decreto
611 4394 737 4442 apposite
753 4389 922 4439 scripserunt
938 4383 998 4429 RR.
1018 4383 1074 4428 ΡΡ.
1093 4379 1256 4439 Lehmkuhl,
1269 4380 1390 4442 Adrgard
1403 4394 1418 4428 e

327 4441 353 4488 S.
366 4441 401 4498 J.‚
416 4441 560 4500 Meynard,
574 4442 607 4488 O.
621 4441 663 4499 P.,
677 4440 743 4488 Pius
754 4441 788 4488 de
799 4441 955 4502 Langogne,
968 4441 1002 4488 O.
1016 4441 1047 4488 F.
1062 4441 1101 4488 M.
1112 4441 1145 4488 C.
