3142 5004
359 469 417 534 162
641 488 708 526 rnna
724 486 844 535 punam.
862 485 956 522 sacrm
972 486 1009 522 111.
1028 485 1119 522 cnrur
1134 486 1155 522 n
1258 472 1262 479 ’

357 623 397 688 C.
414 623 455 687 de
466 623 576 704 Lnga,
589 621 612 686 l.
628 624 717 704 4(5)‚
732 641 765 684 n.
782 624 851 698 168,
869 625 1048 683 autumare
1067 618 1212 697 videtur,
1228 640 1264 684 se
1288 621 1363 684 ideo
1380 621 1446 704 pri·

356 726 438 770 vare
450 705 551 772 rebus
566 706 609 768 ad
624 725 723 768 usum
740 724 838 767 suum
855 703 1030 766 moraliter
1050 703 1264 782 necessariiS,
1283 723 1343 767 seu
1360 723 1446 784 quae

357 791 399 854 ad
415 790 465 852 sui
478 787 758 852 sustentationem
776 785 970 850 referuntur
982 787 1031 864 (S.
1049 786 1256 868 Alphonsus,
1275 808 1308 851 n.
1327 792 1391 866 26).

401 895 432 936 2.
449 874 544 936 Alter
565 878 691 948 autem,
709 870 765 950 qui
788 869 957 952 acceperit
980 869 1068 950 quod
1095 869 1218 951 injuste
1241 890 1262 932 a
1288 870 1446 950 religioso

360 953 460 1018 fuerit
476 955 602 1029 datum,
618 952 788 1036 generatim
803 949 967 1014 satisfacit
984 952 1192 1015 restituendo
1208 972 1279 1014 rem
1295 952 1356 1036 ipsi
1371 954 1446 1014 reli·

360 1036 454 1116 gioso
470 1038 525 1119 qui
541 1039 627 1102 male
650 1036 827 1118 expendit:
846 1034 923 1114 quia
941 1035 1033 1116 ponit
1057 1053 1127 1097 rem
1150 1033 1183 1096 in
1211 1035 1328 1097 eodem
1355 1042 1446 1098 statu

360 1121 391 1183 in
409 1140 476 1201 quo
491 1119 630 1184 invenit.
648 1117 831 1200 Excipiunt
846 1117 923 1180 DD.
941 1116 1003 1178 nisi
1020 1116 1135 1180 timeat
1158 1138 1199 1180 ne
1217 1117 1394 1200 religiosus
1411 1137 1447 1181 re

361 1204 404 1266 sit
419 1202 599 1266 abusurus.
618 1201 653 1265 S.
671 1201 769 1286 Alph.
790 1201 811 1262 l.
828 1221 848 1279 4
864 1201 920 1279 (5),
938 1221 989 1278 31.
1442 1279 1445 1284 Ι

166 1307 306 1356 Decasuus
347 1313 351 1320 ·
401 1286 491 1354 271.
507 1285 558 1348 De
575 1283 805 1354 reservatione
822 1281 962 1364 peccati,
981 1281 1226 1346 consideranda
1243 1288 1294 1344 est
1311 1284 1446 1366 propria

146 1370 305 1415 '‘⁸‘'valss‘2fss
361 1368 495 1431 Ordinis
509 1367 693 1449 disciplina.
707 1367 815 1447 Saepe
828 1371 940 1427 autem
956 1374 1178 1427 reservantur
1200 1365 1233 1427 hi
1250 1365 1316 1427 bini
1334 1385 1444 1442 casus,

147 1427 191 1474 '⁸⁶⁶
202 1440 234 1474 '‘’
360 1452 428 1533 qui,
445 1471 486 1512 ex
502 1447 675 1514 Clemente
691 1465 752 1512 vlu
769 1449 778 1476 ¹
800 1447 843 1510 ab
858 1447 931 1531 ipso
947 1449 1098 1530 praelato
1116 1447 1260 1528 regulari
1278 1449 1445 1511 reservari

383 1539 523 1596 ossunt:
1209 1576 1218 1582 -

361 1555 381 1617 p
404 1637 431 1680 1.
448 1642 461 1670 e
479 1613 657 1696 Proprietas
672 1622 792 1676 contra
814 1618 916 1674 nonem
930 1612 1150 1695 paupertatis,
1169 1631 1253 1694 quae
1269 1613 1313 1676 sit
1329 1633 1446 1696 pecca·

361 1705 432 1761 tum
456 1698 610 1762 mortale.
638 1724 650 1752 s

402 1802 432 1844 2.
459 1807 472 1836 «
494 1781 630 1842 Furtum
653 1778 801 1842 derebus
825 1779 1012 1847 monasterii,
1039 1778 1110 1840 sive
1133 1787 1333 1859 conventus,
1352 1780 1384 1842 in
1407 1800 1446 1842 ea

360 1863 549 1942 quantitate
562 1882 647 1942 quae
660 1863 703 1924 sit
718 1871 894 1941 peccatum
911 1863 1065 1924 mortale.
1086 1889 1099 1916 »
1435 1915 1439 1922 .

401 1947 518 2009 Priore
541 1964 622 2024 ergo
645 1944 803 2027 plectitur
825 1952 1000 2026 peccatum
1024 1944 1112 2022 quod
1134 1950 1240 2006 contra
1268 1944 1444 2028 religionem

359 2028 433 2090 nitio
443 2027 651 2110 proprietatis,
669 2046 736 2094 non
753 2026 861 2102 aliter,
880 2027 1102 2090 committitur
1118 2047 1125 2104 ;
1144 2029 1251 2090 altero
1268 2035 1446 2109 peccatum

360 2117 463 2174 eontra
473 2111 632 2193 justitiane
647 2108 674 2172 si
691 2109 791 2172 luerit
800 2109 927 2191 furtum
943 2113 1022 2189 (non
1041 2128 1135 2172 mera
1151 2111 1393 2189 damnificatio)
1412 2119 1446 2172 et

360 2194 396 2256 de
410 2194 497 2256 rebus
511 2192 691 2254 monasterii

173 2297 212 2343 De
246 2295 305 2343 nrm
401 2278 490 2343 272.
518 2277 690 2338 Adversus
712 2273 887 2354 religiosos
907 2273 1127 2356 proprietarios
1161 2275 1217 2356 qui
1249 2296 1302 2340 res
1331 2274 1444 2338 illicite

143 2356 223 2412 lm
244 2356 304 2422 ''lt“
359 2361 520 2435 retineant,
544 2359 609 2420 hae
638 2365 814 2438 praeterea
838 2356 1067 2420 decernendae
1098 2363 1296 2422 statuuntur
1319 2377 1447 2442 poenae

146 2426 282 2460 communis.
302 2481 304 2484 -
360 2443 403 2519 (c.
417 2462 427 2500 1
443 2449 476 2500 et
490 2446 519 2502 6.
529 2441 578 2501 De
588 2446 671 2502 stata
679 2439 818 2502 monach.
831 2442 892 2517 (ur,
907 2444 959 2520 35)
971 2460 977 2514 ;
991 2439 1085 2503 Trid.
1096 2460 1122 2501 s,
1134 2460 1184 2521 25,
1198 2442 1247 2502 De
1258 2443 1337 2523 Reg.
1352 2461 1382 2502 c.
1397 2443 1445 2518 2):

404 2546 431 2585 1.
460 2523 495 2584 Si
523 2523 686 2584 decedant
712 2523 783 2582 sine
813 2523 1030 2602 paenitentia,
1059 2519 1238 2603 privantur
1267 2524 1443 2604 sepultura

360 2605 600 2682 ecclesiastica,
625 2613 658 2666 et
680 2604 823 2686 pecunia
846 2609 989 2685 (partem
1012 2607 1144 2683 saltem,
1169 2614 1282 2667 monet
1315 2601 1444 2687 Layrn..

359 2688 381 2748 l.
400 2706 429 2748 c.
447 2689 498 2764 22)
514 2693 566 2747 est
578 2706 654 2749 cum
666 2686 746 2767 ipsis
763 2687 965 2768 sepelienda.

400 2791 431 2831 2.
445 2769 483 2831 In
497 2788 668 2831 carcerem
686 2779 764 2830 sunt
777 2770 987 2832 detrudendi.

400 2873 429 2929 3.
461 2852 603 2913 Biennio
637 2850 815 2934 privantur
851 2871 933 2914 voce
968 2852 1081 2915 activa
1115 2861 1148 2916 et
1185 2852 1332 2936 passiva.
1372 2851 1444 2916 Cir.

358 2933 548 3017 Laymann‚
566 2936 587 2997 l.
606 2954 635 2998 c.
656 2955 683 3012 13
701 2934 787 3013 Piat,
806 2951 828 3013 1,
847 2954 880 3017 p.
902 2941 974 3016 269.

769 3105 828 3169 lV.
852 3107 904 3166 De
931 3107 1075 3167 Peculio

169 3268 245 3314 Nono
263 3272 301 3327 pe·
398 3249 487 3314 273.
505 3247 531 3310 Ι.
549 3248 647 3310 Prius
663 3247 694 3310 di
703 3266 810 3310 :emus
830 3247 870 3310 de
893 3248 964 3328 ejus
981 3250 1137 3312 notione.
1161 3249 1347 3328 Peculium,
1358 3248 1443 3329 juri·

143 3327 208 3372 narn.
357 3329 423 3391 dice
448 3333 491 3408 (d.
519 3330 671 3412 Depositi
700 3349 729 3410 5.
753 3330 782 3410 p.
810 3331 870 3391 ult.
899 3331 942 3394 D.
969 3331 1018 3392 De
1044 3326 1184 3411 Peculio)
1209 3339 1260 3394 est
1283 3333 1444 3415 pusillum

357 3414 522 3493 quoddam
553 3412 805 3494 patrimonium.
837 3413 911 3475 Hac
941 3433 1025 3476 voce
1055 3413 1143 3476 enirn
1175 3414 1445 3496 designabantur

357 3495 434 3557 olim
461 3496 549 3557 bona
574 3515 660 3574 quae
687 3496 776 3558 servi
806 3503 865 3557 aut
891 3495 948 3559 filii
973 3505 1131 3578 separata
1158 3517 1179 3558 a
1209 3496 1305 3560 bonis
1333 3497 1442 3580 patris

356 3577 499 3639 farnilias
522 3577 692 3658 possidere
715 3585 883 3658 poterant.
901 3580 997 3662 Apud
1016 3577 1188 3660 religiosos,
1206 3587 1258 3642 est
1275 3581 1441 3661 quaedam

356 3658 530 3739 derogatio
553 3658 596 3720 illi
620 3659 709 3721 vitae
733 3662 901 3722 commanis
927 3661 1050 3725 rationi
1066 3662 1089 3740 ²,
1115 3681 1181 3742 qua
1200 3687 1213 3718 ‹
1233 3661 1321 3726 bona
1339 3682 1442 3743 quae-

356 3751 509 3820 cumque,
533 3742 759 3804 emolumenta
782 3743 913 3824 aliaque
936 3745 1061 3822 omnia,
1086 3764 1172 3825 quae
1199 3745 1318 3825 quovis
1344 3745 1444 3817 titulo

355 3824 520 3903 religiosis
552 3824 749 3902 obveniunt,
778 3824 810 3887 in
837 3846 935 3889 usum
961 3827 1141 3907 religiosae
1168 3826 1316 3890 familiae
1345 3828 1446 3911 plene,

355 3912 585 3983 conterantur,
610 3916 643 3968 et
665 3907 772 3988 ipsum
796 3909 935 3986 victum,
960 3911 1134 3987 vestitum,
1163 3909 1297 3991 aliaque
1326 3930 1445 3973 neces·

354 3989 444 4050 saria
460 4009 479 4049 a
497 3987 673 4051 Conventu
691 3990 721 4051 in
736 3991 903 4053 communi
915 3992 1097 4075 accipiant.
1114 4019 1127 4047 »
1143 3993 1289 4055 Schema
1303 4013 1319 4072 3
1336 3991 1443 4057 Cone.

354 4070 433 4133 Vat.
460 4069 509 4132 De
533 4070 739 4154 regularibus.
768 4074 875 4136 Porro
902 4075 943 4136 ad
973 4077 1095 4157 duplex
1130 4077 1236 4138 veluti
1271 4077 1444 4159 exemplar

354 4153 471 4217 referri
487 4162 628 4237 possunt
643 4154 707 4217 hae
724 4155 973 4237 derogationes,

354 4291 670 4305 ..-..-.——.-.-—-

382 4363 389 4395 ¹
403 4361 443 4407 De
454 4358 496 4408 his
507 4359 555 4407 clr.
569 4359 649 4416 intra,
662 4363 739 4417 parte
750 4373 772 4413 7,
785 4371 809 4404 c.
822 4365 843 4404 3.
1040 4415 1045 4424 ,
1191 4417 1196 4426 .
1418 4415 1422 4424 Ι

352 4416 651 4523 utlaIppklltproanpieatsipest,
668 4424 697 4464 ut
713 4415 809 4464 eodem
831 4416 958 4511 Praelata
977 4421 1003 4465 et
1022 4417 1125 4510 eisdem
1146 4415 1252 4508 legibus
1271 4431 1323 4508 εειιι1
1337 4415 1447 4505 regulis¹
