3142 5004
150 443 333 527 [339-342]
535 465 571 499 os
587 463 712 498 orscassu
728 461 936 497 asarmosonuur
1174 437 1231 500 201
1261 427 1264 434 Α

189 603 278 666 340.
309 599 471 682 Aposlosia
499 621 519 662 o
548 597 717 691 Religioni,
750 606 802 660 est
832 597 1014 660 criminosa
1043 597 1185 660 discessio
1212 603 1237 660 a'

148 684 334 764 Religione,
351 681 503 765 regularis
523 687 644 762 proprie
667 680 748 749 tuiis,
770 701 846 744 cum
869 681 972 743 areima
996 701 1055 742 nou
1070 680 1231 745 redeundi.

189 769 284 847 Fuga
299 773 351 826 est
366 767 533 827 discessus
548 765 590 827 od
605 768 720 844 tempos
742 764 784 827 ab
801 763 926 826 Ordine
942 763 994 825 vel
1011 764 1229 840 monasterie,

89 921 93 930 Ι
148 851 219 912 sine
242 849 388 926 licentia,
413 848 517 910 auimo
532 846 671 929 uagandi
692 853 748 909 out
769 853 857 908 exiro
879 845 1081 908 obedientiam
1098 845 1228 916 uiuendi,

147 939 265 1014 postea
278 938 390 993 tamen
402 929 561 994 reuerendi.
575 931 650 1015 Quo
662 931 773 992 animo
787 929 920 992 vivendi
933 929 975 992 ad
988 936 1119 1012 tempus
1135 937 1231 992 extra

147 1014 370 1079 obedientiam
393 1012 501 1076 differt
524 1013 699 1094 religiosus
726 1011 887 1093 fugitivus
916 1012 958 1074 ab
987 1020 1129 1074 exeunte
1160 1012 1231 1074 sine

147 1097 293 1175 licentia,
310 1097 411 1159 etiam
419 1095 549 1177 furtivo.

189 1181 277 1245 341.
297 1203 327 1243 1.
342 1180 491 1262 Apostoli
504 1199 577 1241 esse
590 1177 704 1259 nequit
719 1178 775 1258 qui
791 1177 930 1242 discedit
946 1177 1033 1240 inter
1049 1177 1231 1240 triennium

148 1269 304 1325 votorum
320 1262 517 1344 simplicium
532 1284 539 1339 ;
557 1263 642 1324 bene
659 1282 740 1324 vero
756 1261 986 1324 Scholasticus
1003 1261 1039 1324 S.
1055 1261 1086 1344 J.

190 1345 259 1406 Nec
290 1345 392 1407 refert
429 1354 543 1409 utrum
576 1344 749 1407 discedens
786 1345 931 1407 servarit
961 1364 1005 1406 an
1039 1343 1231 1424 deposuerit

149 1427 314 1491 habitum.
419 1475 422 1480 ,
518 1471 521 1476 ‹

192 1533 223 1573 2.
241 1512 406 1593 Apostata
421 1509 599 1591 simpliciter
615 1509 724 1572 dietus
738 1529 803 1572 non
818 1515 880 1587 est,
897 1508 952 1590 qui
972 1507 1111 1571 discedit
1124 1507 1237 1571 animo

152 1594 251 1654 aliam
271 1592 467 1672 religionem
480 1591 686 1672 ingrediendi
701 1613 708 1668 ;
727 1592 785 1654 sed
799 1603 850 1653 est
863 1599 1020 1673 apostata
1036 1591 1091 1671 qui
1108 1591 1236 1672 ejectus

118 1707 120 1712 ·
153 1683 204 1734 est
234 1674 276 1736 ob
304 1675 386 1737 falsa
417 1678 557 1736 crimina
588 1693 674 1754 quae
700 1673 763 1736 sibi
789 1675 947 1756 imposuit
976 1687 1013 1736 ut
1044 1673 1236 1755 ejiceretur.

154 1756 294 1832 Contra,
312 1758 367 1836 qui
384 1777 463 1818 vere
480 1757 617 1836 deliquit
640 1762 678 1818 ut
693 1756 882 1837 ejiceretur,
908 1757 970 1819 etsi
986 1756 1177 1819 virtualiter
1194 1758 1237 1821 sit

135 1846 320 1920 apostata,
335 1838 469 1921 proprie
485 1847 598 1901 tamen
615 1839 702 1900 inter
717 1839 843 1921 ejectos
860 1840 993 1902 videtur
1012 1841 1236 1921 reponendus.

192 1921 280 1985 342.
295 1921 391 2005 Quod
405 1922 446 1983 ad
459 1940 594 2000 poenas
611 1921 730 2001 quibus
746 1924 938 2003 plectantur
951 1924 1137 2004 Apostatae
1154 1945 1160 1984 :

191 2004 223 2080 a)
253 2003 306 2064 Ex
349 2017 382 2066 2⁰
412 2023 493 2066 casu
530 2003 718 2066 Cleineulino
756 2005 976 2066 communiter
1013 2012 1236 2067 reservatur:

155 2086 368 2168 «Apostasia
390 2106 410 2146 a
424 2085 583 2168 religione,
601 2088 672 2147 sive
696 2086 814 2148 habitu
838 2087 973 2149 dimisso
997 2086 1068 2148 sive
1091 2094 1235 2164 retent0,

152 2168 287 2248 quando
302 2187 342 2229 eo
365 2171 557 2251 pervenerit
573 2177 610 2231 ut
626 2178 722 2230 extra
743 2177 839 2250 septa
854 2168 1050 2230 monasterii
1075 2188 1134 2229 seu
1158 2188 1237 2230 con·

152 2258 273 2312 ventus
286 2249 345 2312 fiat
359 2252 519 2331 egressio
533 2279 546 2306 »
561 2252 771 2314 Reservatur
783 2271 864 2331 ergo
877 2251 1046 2333 apostasia
1060 2248 1238 2331 simpliciter

1306 611 1448 668 Aooslasiae

1287 671 1446 779 p‘loFugaeno·

1316 1156 1422 1216 Quinam

1285 1215 1448 1272 sintAposra-

1286 1277 1323 1319 tae
1333 1272 1367 1318 vel
1377 1287 1424 1319 uon
1435 1272 1448 1318 ,³

1285 1329 1411 1390 Exempla.

1320 1898 1413 1954 Poenae
1422 1920 1428 1956 :

1304 1989 1450 2044 Reservatis:

152 2333 240 2409 talis,
256 2352 314 2394 seu
327 2354 347 2394 a
360 2344 451 2395 statu
465 2333 633 2414 religioso,
648 2352 733 2414 quae
750 2334 896 2396 exterius
913 2343 1166 2395 consummetur
1179 2352 1237 2416 per
1284 2378 1287 2384 .

153 2434 327 2495 egressum
350 2424 447 2478 extra
474 2433 580 2498 septa.
605 2417 736 2497 Siquis
763 2435 889 2498 paucos
917 2415 1034 2477 fecerit
1056 2435 1176 2499 passus
1204 2423 1237 2478 et

154 2497 268 2559 statim
292 2498 439 2576 redierit,
463 2517 531 2562 non
562 2499 694 2562 videtur
725 2518 823 2561 casus
855 2499 1063 2562 commissus.
1095 2499 1238 2583 Quidam

155 2580 311 2642 dubitant
323 2600 403 2644 num
420 2581 615 2644 incurratur
627 2583 669 2643 ab
682 2601 722 2644 eo
735 2583 790 2662 qui
804 2583 837 2644 in
850 2581 968 2644 itinere
981 2581 1071 2645 hunc
1086 2583 1237 2646 animum

146 2663 360 2744 conceperit,
378 2671 411 2726 et
428 2665 500 2727 ideo
517 2684 583 2727 non
600 2664 749 2728 redierit.
1210 2674 1231 2710 Ι

195 2746 229 2823 b)
244 2747 298 2808 Ex
312 2766 342 2809 c.
361 2746 589 2811 consultationi
603 2749 665 2811 ult.
683 2749 731 2810 De
752 2747 908 2828 Apostotis
923 2750 969 2827 (v,
987 2751 1031 2829 9),
1053 2748 1238 2831 Apostatae

152 2829 375 2909 suspenduntur
390 2831 461 2912 ipso
475 2831 562 2892 iacto
578 2831 620 2893 ab
637 2830 809 2893 ordinibus
826 2830 881 2911 qui
897 2831 1041 2894 durante
1067 2832 1237 2914 apostasia

153 2911 300 2993 suseepti
316 2920 415 2974 sunt:
441 2931 526 2992 quae
543 2914 716 2995 suspensio
733 2924 847 2975 manet
877 2913 983 2977 donec
1009 2915 1063 2976 vel
1091 2934 1111 2975 a
1138 2915 1236 2979 Rom.

153 2993 313 3055 Pontifice
326 2994 406 3056 vela
415 2995 597 3077 Superiore
609 2995 757 3077 regulari
769 2995 903 3058 sublata
914 2994 1025 3059 fuerit.
1035 2995 1239 3078 Disputatur

153 3075 240 3136 sitne
268 3095 410 3138 censura
436 3098 559 3140 annon.
585 3079 694 3161 Quam
717 3079 972 3159 suspensionem
1001 3080 1117 3158 vigere
1144 3079 1238 3142 aiunt

153 3157 254 3220 etiam
281 3167 357 3240 post
375 3159 412 3222 C.
441 3159 633 3240 Apostolioae
658 3160 749 3239 sedis,
779 3181 855 3224 curn
882 3160 1039 3244 respiciat
1067 3163 1236 3225 internum

153 3239 304 3320 regimen
320 3241 501 3322 religionis.
518 3243 631 3321 Melot,
648 3264 679 3325 p.
702 3265 771 3325 104.

195 3327 225 3401 c)
249 3326 434 3406 Apostatae
457 3327 512 3406 qui
536 3325 689 3389 habitum
712 3325 909 3401 dimiserint,
937 3328 1012 3405 post
1035 3325 1237 3388 sententiam

156 3405 303 3469 criminis
320 3408 591 3485 declaratoriam,
609 3411 767 3470 amittunt
783 3409 888 3470 onznia
897 3404 1064 3489 priuilegia
1078 3409 1128 3471 sui
1143 3409 1238 3470 Ordi-

155 3488 214 3551 nis.
233 3491 345 3572 Quare
368 3510 435 3552 non
447 3491 517 3572 jam
541 3492 583 3552 ali
600 3491 722 3554 debent
744 3513 763 3553 a
781 3491 998 3568 monasteri0,
1023 3491 1134 3572 puniri
1157 3511 1238 3554 vero

156 3580 295 3652 possunt
311 3573 353 3635 ab
365 3573 543 3654 Episcopo

197 3654 229 3731 d)
246 3655 400 3734 Plerique
423 3656 565 3717 Ordines
588 3656 715 3718 habent
731 3654 941 3738 privilegium
965 3674 1030 3736 quo
1047 3675 1237 3721 excommu-

151 3736 313 3800 nicantur
328 3738 463 3818 ipsorum
485 3740 660 3818 Apostoiae.
679 3739 734 3802 Sic
758 3738 909 3800 Societas
924 3739 1004 3821 Jesu
1032 3759 1072 3801 ex
1099 3740 1134 3803 S.
1152 3742 1201 3803 Pii
1217 3759 1239 3803 v

154 3818 192 3880 C.
206 3821 357 3899 Aequana.
371 3822 564 3896 Praeterea,
581 3822 612 3883 in
627 3821 739 3883 multis
755 3820 947 3896 Ordinibus,
958 3841 1053 3902 ugr.
1071 3835 1190 3886 rursus
1205 3823 1238 3885 in

152 3900 322 3965 Societate
337 3903 428 3984 Jesu,
447 3905 480 3966 in
497 3923 622 3985 poenas
639 3906 881 3986 Apostatarum
895 3904 1044 3967 incidunt
1058 3905 1113 3985 qui
1130 3906 1238 3988 ipsum

148 3983 300 4125 prqinem
324 3987 546 4064 deseruerint,
574 4007 634 4050 seu
657 3986 802 4049 indebite
836 3987 1032 4049 transierint
1067 3988 1108 4050 ad
1137 3991 1238 4052 aliam

182 4084 197 4124 e
213 4085 371 4145 igionem.

190 4159 234 4221 N.
252 4160 294 4222 Β.
316 4184 342 4223 1.
368 4163 420 4225 Ex
435 4163 529 4226 Trid.
548 4183 574 4224 s.
600 4182 649 4244 25.
670 4165 717 4226 De
739 4163 852 4246 negot.
871 4184 901 4227 c.
926 4185 956 4245 4,
975 4165 1163 4245 puniendus
1188 4173 1239 4229 est

149 4241 191 4304 ab
222 4241 403 4305 Ordinario
434 4254 595 4328 tanquam
622 4250 777 4310 desertor
808 4248 860 4309 sui
882 4247 1032 4309 Instituti
1059 4248 1237 4328 religiosus

151 4345 250 4405 quem
264 4328 749 4407 repereritrecedentemasuo
759 4339 940 4408 conventu,
951 4329 1239 4412 etiampraetextu

151 4410 294 4472 adeundi
319 4409 529 4493 Superiores,
548 4413 610 4477 nisi
634 4413 759 4500 scripto
783 4413 943 4483 mandato
966 4414 1123 4486 ostendet
1146 4435 1182 4487 se
1198 4415 1240 4487 ab

1315 2743 1451 2803 Suspensiu

1321 3335 1342 3381 A
1348 3336 1430 3381 missio

1290 3391 1426 3451 privilegio·

1293 3466 1353 3508 reim,

1313 3646 1453 3692 Eucounuu·

1293 3704 1393 3751 aeicalio.

1319 4153 1415 4216 Desugo
1423 4151 1454 4199 ad

1295 4213 1424 4262 erdeemdum

1294 4273 1452 4331 Superiorem.
