3134 5016
340 410 399 472 33⁶).
709 433 775 468 rans
791 433 906 468 ocrnvn.
924 435 1014 470 canor
1030 435 1057 469 iv

340 565 525 646 auctoritas
552 569 747 647 praevalere
773 568 918 643 videtur,
948 588 1050 630 causa
1078 573 1129 629 est
1155 587 1221 628 non
1254 567 1429 647 derogatio

336 647 421 730 juris
438 649 625 711 communis
639 649 661 727 ¹,
676 649 733 711 sed
749 651 931 732 peculiaria
947 652 1106 731 adjuncta
1123 651 1304 726 Missionis,
1318 649 1349 711 in
1364 669 1431 728 qua

341 733 514 810 regulares
531 731 600 793 fere
615 751 747 793 omnem
763 741 921 794 exercent
946 753 1062 795 curam
1087 734 1277 795 animarum
1300 734 1429 794 secula-

341 815 428 875 rium
455 822 489 875 et
516 816 638 876 multas
662 814 827 896 recipiunt
855 817 1086 897 eleemosynas
1118 835 1214 896 quae,
1246 835 1288 876 ex
1317 821 1430 876 mente

340 897 550 973 donantium,
565 896 714 958 Missioni
729 897 837 977 potius
851 917 951 977 quam
963 898 1124 960 Instituto
1137 910 1216 960 sunt
1231 897 1428 960 attributae.

148 985 285 1034 oesodazr-
384 981 470 1043 532.
485 982 655 1041 Condicio
667 981 927 1057 religiosorum.
947 1003 972 1042 t.
988 981 1064 1042 Hoc
1080 981 1242 1042 statuitur
1258 999 1427 1042 summurn

124 1045 287 1162 ffssssnffiss'm
341 1060 557 1141 principium:
581 1069 747 1141 quatenus
763 1069 840 1124 sunt
857 1062 1020 1145 Religioni,
1034 1065 1150 1124 eadem
1168 1063 1298 1125 ratione
1315 1064 1428 1140 quain

239 1141 243 1149 '
339 1143 478 1224 Europa
501 1144 664 1205 immunes
687 1153 766 1206 snnt
784 1145 1018 1226 jurisdictione
1041 1145 1199 1228 Episcopi
1223 1147 1275 1206 vel
1302 1145 1429 1207 Vicarii

339 1227 514 1306 apostolici
529 1248 536 1303 3
555 1235 720 1306 quatenus
736 1240 849 1290 autem
867 1234 946 1289 sunt
960 1227 1155 1290 Missionorii
1171 1234 1206 1289 et
1217 1227 1426 1288 secularibus

339 1317 555 1371 sacramenta
583 1309 776 1371 ministrant
802 1312 854 1371 vel
883 1311 921 1372 iis
944 1311 1151 1391 deputantur
1172 1311 1334 1383 ecclesiia,
1363 1310 1426 1389 piis

339 1389 431 1468 locis,
450 1391 627 1469 institutis,
642 1411 726 1471 quae
740 1394 863 1455 suntin
877 1400 1043 1474 potestate
1060 1393 1218 1474 Episcopi
1234 1395 1288 1454 vel
1303 1391 1428 1454 Vicarii

339 1474 533 1553 Apostolici,
550 1475 644 1536 etiam
660 1482 692 1535 et
701 1475 863 1555 praecipue
879 1477 931 1538 bis
947 1477 1180 1556 obtemperare
1196 1475 1330 1538 debent.

379 1555 415 1616 In
440 1564 606 1637 potestate
623 1563 736 1618 antem
760 1566 839 1619 sunt
862 1559 1020 1639 Episcopi
1037 1560 1091 1619 vel
1106 1557 1234 1620 Vicarii
1250 1556 1426 1638 apostolici

338 1638 486 1717 regimen
499 1638 668 1700 seminarii
682 1639 761 1701 cleri
774 1643 946 1718 seculariS,
957 1661 1039 1702 cura
1050 1640 1428 1718 monialium,ecclesiae

337 1719 432 1798 quasi
446 1721 668 1801 parochiales,
684 1723 820 1784 scholae
837 1725 1058 1785 elementares
1074 1725 1128 1785 vel
1143 1743 1339 1805 pauperum.

150 1814 253 1865 Messio:
378 1824 408 1864 2.
433 1803 590 1883 Religiosi
614 1803 647 1866 in
670 1804 846 1868 Missiones
870 1807 1049 1868 mittuntur
1076 1826 1096 1866 a
1119 1806 1254 1887 proprio
1278 1805 1427 1866 Instituti

337 1882 529 1965 Superiore,
561 1887 627 1966 qui,
660 1888 693 1948 in
729 1888 819 1949 hunc
853 1889 964 1966 finem,
1000 1888 1164 1950 indultum
1203 1887 1426 1969 apostolicum

336 1966 461 2028 habere
478 1971 576 2032 solet.
841 1994 844 2000 ·
1179 1983 1185 1990 “

149 2065 274 2133 Daunia>
300 2127 302 2132 ι
357 2099 360 2106 .
378 2071 407 2127 3.
439 2051 489 2112 Ad
521 2051 633 2114 munia
664 2071 749 2131 quae
790 2060 868 2114 sunt
899 2053 931 2114 in
963 2059 1132 2134 potestate
1163 2051 1332 2115 Ordinarii
1362 2051 1426 2114 loci

120 2121 256 2176 amnium,-
335 2140 596 2211 praesentantur
618 2134 835 2212 aSuperiore
859 2136 1018 2216 regulari,
1050 2134 1274 2197 instituuntur
1301 2153 1383 2196 vero
1408 2155 1428 2196 a

335 2214 398 2275 loci
422 2215 611 2295 Ordinario,
635 2224 737 2297 atque
755 2219 797 2279 ab
820 2220 936 2280 eodem
955 2219 1224 2299 jurisdictionem
1242 2217 1425 2300 accipiunt.

333 2296 436 2359 Decr.
457 2303 547 2362 1886.

124 2398 278 2464 ⁸oranaim
375 2404 405 2461 4.
423 2382 461 2442 ln
484 2382 679 2443 exercendis
705 2382 778 2444 istis
802 2385 923 2445 muniis
953 2383 1133 2465 praecipue
1160 2401 1278 2462 parere
1305 2381 1427 2443 debent

117 2459 266 2561 mm?
334 2460 512 2525 Ordinario
540 2465 614 2536 loci,
648 2485 667 2525 a
696 2485 760 2539 ouo
794 2467 976 2527 visitantur
1002 2475 1034 2527 et
1062 2467 1115 2528 cui
1141 2464 1263 2526 debent
1292 2464 1331 2525 de
1361 2483 1426 2526 sua

230 2531 263 2567 ‘³'
336 2543 626 2607 administratione
642 2546 783 2607 reddere
799 2548 977 2610 rationem.

146 2625 277 2695 obligatio·
376 2644 406 2704 5.
424 2628 512 2689 Dum
536 2637 613 2692 actu
636 2627 688 2688 his
705 2629 898 2692 ministeriis
915 2630 1102 2712 funguntur
1124 2630 1243 2691 debent
1259 2627 1423 2688 interesse

111 2681 275 2798 {ffljffld‘
333 2709 569 2770 collationibus
586 2711 678 2772 cleri.
1104 2721 1107 2726 ’

144 2831 249 2876 Liiandi
374 2793 404 2852 6.
429 2792 585 2873 Quandiu
614 2813 729 2854 veram
756 2795 947 2876 paroeciam
971 2815 1037 2856 non
1064 2795 1226 2869 obtinent,
1250 2791 1283 2853 in
1309 2789 1420 2870 quasi-

113 2889 264 2948 preponito:
331 2873 497 2954 paroeciis
515 2883 695 2937 censentur
719 2897 759 2937 ex
782 2879 924 2939 caritate
941 2882 1129 2939 animarum
1146 2895 1264 2958 gerere
1281 2893 1421 2936 curam:

332 2974 436 3034 quare
452 2977 519 3019 non
532 2959 654 3020 debent
669 2978 729 3040 pro
745 2962 868 3041 populo
884 2981 925 3022 ex
939 2960 1071 3041 justitia
1086 2961 1158 3021 Deo
1175 2961 1285 3020 litare.

133 3031 277 3077 Remotioab
378 3062 407 3122 7.
439 3041 618 3103 Removeri
651 3052 792 3123 possunt
826 3051 893 3105 tarn
924 3044 966 3104 ab
996 3042 1164 3123 Episcopo
1198 3043 1263 3102 vel
1285 3039 1422 3102 Vicatio

115 3087 196 3146 ΨΜ
331 3125 524 3206 Apostolico
548 3144 646 3204 quam
665 3144 684 3185 a
700 3126 835 3206 proprio
860 3126 1051 3206 Superiore,
1077 3143 1184 3203 aequo
1205 3124 1295 3204 jure,
1314 3123 1360 3184 ita
1382 3129 1421 3183 ut

208 3256 212 3264 .
248 3258 252 3266 .
331 3215 450 3270 neuter
466 3208 508 3269 ad
522 3210 667 3269 alterum
683 3207 722 3266 de
739 3227 774 3268 re
790 3208 910 3269 debeat
926 3208 1064 3269 referre.
1089 3208 1284 3285 (Decretum
1317 3208 1420 3281 1886.)

112 3255 275 3361 aiffiuss‘iss
370 3292 441 3354 8.In
455 3290 528 3352 foro
542 3297 654 3350 autem
669 3289 811 3367 interim,
827 3292 877 3352 sui
890 3290 1025 3352 Ordinis
1038 3289 1309 3371 jurisdictionem
1322 3307 1420 3370 expe·

111 3372 252 3419 sonantur?
329 3373 387 3436 riri
405 3379 560 3453 pergunt,
579 3391 638 3432 nec
652 3373 882 3434 secularitatis
895 3375 1063 3434 ullatenus
1077 3369 1267 3433 assimulari
1280 3375 1419 3450 queunt.

138 3454 256 3558 plisnam
369 3479 400 3536 9.
420 3453 679 3517 Controversiae
706 3454 815 3516 minus
842 3475 964 3534 graves
994 3457 1082 3518 inter
1101 3453 1276 3535 religiosos
1302 3451 1421 3513 subor-

110 3518 249 3617 {ffssm'
328 3543 383 3599 tae
414 3537 615 3599 dirimuntur
640 3557 660 3597 a
683 3536 822 3599 Vicario
844 3539 1039 3620 Apostolico
1073 3544 1235 3616 tanquam
1268 3535 1420 3614 delegato

102 3628 273 3688 unterreligio·
327 3620 363 3684 S.
381 3619 489 3683 Sedis,

110 3686 170 3731 ⁵⁰⁸³
369 3705 456 3766 533.
488 3704 540 3761 De
566 3701 668 3762 bonis
698 3703 972 3779 temporalibus.
1009 3722 1034 3762 r.
1067 3701 1118 3762 Ab
1149 3701 1213 3762 hoc
1242 3697 1336 3760 initio
1368 3701 1420 3758 est

111 3769 270 3884 „mm
324 3783 615 3866 proficiscendum,
642 3783 807 3844 bonorum
834 3784 1070 3864 temporalium
1093 3803 1179 3863 quae
1202 3780 1416 3843 M‘issionibus

109 3887 202 3931 varium
213 3889 270 3945 regi·
324 3867 529 3947 deputantur
545 3864 665 3946 triplex
682 3885 755 3927 esse
770 3882 898 3946 genere·
913 3867 1075 3946 regimen.

108 3955 167 3989 men.
304 4003 306 4008 .
364 3951 396 4026 a)
413 3950 487 4010 Alia
508 3948 595 4009 enim
606 3947 693 4027 plene
714 3948 757 4010 ad
771 3948 952 4031 religiosum
968 3948 1151 4009 institutam
1168 3949 1348 4026 pertinent,
1368 3943 1416 4006 ita

322 4038 357 4092 ut
373 4032 415 4092 ad
427 4030 642 4093 Ordinarium
657 4031 749 4092 nulla
765 4051 883 4093 eorum
899 4038 1028 4112 spectet
1045 4029 1206 4110 cognitio.

330 4198 510 4204 .--—-——
536 4196 661 4203 —-

347 4290 355 4324 ¹
369 4287 498 4346 Hocjure
509 4285 646 4334 communi
655 4285 712 4342 jam
722 4285 848 4333 novimus
865 4285 893 4332 in
909 4285 1043 4346 erigendis
1059 4284 1211 4339 coenobiis.
1230 4282 1366 4348 ecclesiis,
1385 4282 1414 4348 in

317 4360 383 4394 cura
393 4347 546 4394 animarum
555 4345 719 4392 secularium
728 4343 879 4403 Religiosos
889 4344 972 4391 etiam
982 4351 1121 4402 exemptos
1130 4343 1258 4402 potestati
1269 4341 1412 4390 ordinarii

316 4404 369 4452 loci
381 4418 438 4452 esse
449 4403 589 4451 obnoxios.
603 4403 694 4463 Quare
703 4401 745 4449 his
755 4408 781 4449 et
792 4400 929 4449 similibus
941 4402 986 4450 hic
997 4403 1216 4461 supersedemus,
