<?xml version="1.0" encoding="UTF-8"?>
<!DOCTYPE html PUBLIC "-//W3C//DTD XHTML 1.0 Transitional//EN"
    "http://www.w3.org/TR/xhtml1/DTD/xhtml1-transitional.dtd">
<html xmlns="http://www.w3.org/1999/xhtml" xml:lang="en" lang="en">
 <head>
  <title>
</title>
<meta http-equiv="Content-Type" content="text/html;charset=utf-8" />
  <meta name='ocr-system' content='tesseract 3.04.00' />
  <meta name='ocr-capabilities' content='ocr_page ocr_carea ocr_par ocr_line ocrx_word'/>
</head>
<body>
  <div class='ocr_page' id='page_1' title='image "./dereligiosisins00vermgoog_0350.png"; bbox 0 0 3138 5014; ppageno 0'>
   <div class='ocr_carea' id='block_1_1' title="bbox 148 462 1233 554">
    <p class='ocr_par' dir='ltr' id='par_1_1' title="bbox 148 462 1233 554">
     <span class='ocr_line' id='line_1_1' title="bbox 148 462 1233 554; baseline -0.007 -24"><span class='ocrx_word' id='word_1_1' title='bbox 148 473 245 554; x_wconf 77' lang='lat'><strong><em>[510]</em></strong></span> <span class='ocrx_word' id='word_1_2' title='bbox 357 493 392 527; x_wconf 82' lang='lat' dir='ltr'>oa</span> <span class='ocrx_word' id='word_1_3' title='bbox 408 491 500 528; x_wconf 77' lang='lat' dir='ltr'>sactus</span> <span class='ocrx_word' id='word_1_4' title='bbox 515 491 683 540; x_wconf 80' lang='lat' dir='ltr'>ntxrsrraus</span> <span class='ocrx_word' id='word_1_5' title='bbox 699 491 731 524; x_wconf 84' lang='lat' dir='ltr'>xx</span> <span class='ocrx_word' id='word_1_6' title='bbox 748 485 904 524; x_wconf 74' lang='lat' dir='ltr'>rorasrx&#39;rs</span> <span class='ocrx_word' id='word_1_7' title='bbox 924 487 1071 522; x_wconf 67' lang='lat' dir='ltr'>ozensara</span> <span class='ocrx_word' id='word_1_8' title='bbox 1173 462 1233 524; x_wconf 79' lang='lat' dir='ltr'>3l5</span> 
     </span>
    </p>
   </div>
   <div class='ocr_carea' id='block_1_2' title="bbox 143 615 1236 1294">
    <p class='ocr_par' dir='ltr' id='par_1_2' title="bbox 143 615 1235 865">
     <span class='ocr_line' id='line_1_2' title="bbox 180 615 1234 698; baseline -0.01 -13"><span class='ocrx_word' id='word_1_9' title='bbox 180 627 238 686; x_wconf 85' lang='lat' dir='ltr'>Fas</span> <span class='ocrx_word' id='word_1_10' title='bbox 263 637 307 685; x_wconf 87' lang='lat' dir='ltr'>est</span> <span class='ocrx_word' id='word_1_11' title='bbox 332 635 434 684; x_wconf 91' lang='lat' dir='ltr'>tamen</span> <span class='ocrx_word' id='word_1_12' title='bbox 459 623 666 698; x_wconf 89' lang='lat' dir='ltr'>Regularibus,</span> <span class='ocrx_word' id='word_1_13' title='bbox 691 623 756 680; x_wconf 90' lang='lat' dir='ltr'>sine</span> <span class='ocrx_word' id='word_1_14' title='bbox 778 619 898 680; x_wconf 87' lang='lat' dir='ltr'>licentia</span> <span class='ocrx_word' id='word_1_15' title='bbox 920 615 1061 695; x_wconf 85' lang='lat' dir='ltr'><strong>Episcopi</strong></span> <span class='ocrx_word' id='word_1_16' title='bbox 1086 635 1234 693; x_wconf 82' lang='lat' dir='ltr'>exponere</span> 
     </span>
     <span class='ocr_line' id='line_1_3' title="bbox 143 703 1235 780; baseline -0.011 -10"><span class='ocrx_word' id='word_1_17' title='bbox 143 709 321 770; x_wconf 85' lang='lat' dir='ltr'>Venerabile</span> <span class='ocrx_word' id='word_1_18' title='bbox 345 709 575 770; x_wconf 81' lang='lat' dir='ltr'>Sacramentum</span> <span class='ocrx_word' id='word_1_19' title='bbox 602 724 655 780; x_wconf 91' lang='lat' dir='ltr'>per</span> <span class='ocrx_word' id='word_1_20' title='bbox 678 717 816 764; x_wconf 87' lang='lat' dir='ltr'>octavam</span> <span class='ocrx_word' id='word_1_21' title='bbox 842 704 980 779; x_wconf 84' lang='lat' dir='ltr'>Corporis</span> <span class='ocrx_word' id='word_1_22' title='bbox 1008 703 1129 774; x_wconf 87' lang='lat' dir='ltr'>Christi,</span> <span class='ocrx_word' id='word_1_23' title='bbox 1158 703 1235 761; x_wconf 90' lang='lat' dir='ltr'>inter</span> 
     </span>
     <span class='ocr_line' id='line_1_4' title="bbox 144 792 738 865; baseline -0.008 -12"><span class='ocrx_word' id='word_1_24' title='bbox 144 795 304 853; x_wconf 88' lang='lat' dir='ltr'>Missarum</span> <span class='ocrx_word' id='word_1_25' title='bbox 318 794 475 852; x_wconf 89' lang='lat' dir='ltr'>sollemnia</span> <span class='ocrx_word' id='word_1_26' title='bbox 489 801 518 849; x_wconf 91' lang='lat' dir='ltr'>et</span> <span class='ocrx_word' id='word_1_27' title='bbox 527 793 564 849; x_wconf 90' lang='lat' dir='ltr'>ad</span> <span class='ocrx_word' id='word_1_28' title='bbox 578 792 738 865; x_wconf 89' lang='lat' dir='ltr'>Vesperas.</span> 
     </span>
    </p>

    <p class='ocr_par' dir='ltr' id='par_1_3' title="bbox 143 867 1236 1294">
     <span class='ocr_line' id='line_1_5' title="bbox 179 867 1236 954; baseline -0.01 -16"><span class='ocrx_word' id='word_1_29' title='bbox 179 879 344 954; x_wconf 88' lang='lat' dir='ltr'>Specialem</span> <span class='ocrx_word' id='word_1_30' title='bbox 356 887 507 952; x_wconf 88' lang='lat' dir='ltr'>praeterea</span> <span class='ocrx_word' id='word_1_31' title='bbox 526 874 721 933; x_wconf 88' lang='lat' dir='ltr'>Innocentius</span> <span class='ocrx_word' id='word_1_32' title='bbox 733 892 774 945; x_wconf 78' lang='grc' dir='ltr'>ιιι,</span> <span class='ocrx_word' id='word_1_33' title='bbox 791 873 824 933; x_wconf 88' lang='lat' dir='ltr'>C.</span> <span class='ocrx_word' id='word_1_34' title='bbox 837 867 917 949; x_wconf 76' lang='lat' dir='ltr'>Cum</span> <span class='ocrx_word' id='word_1_35' title='bbox 927 869 1014 944; x_wconf 73' lang='lat' dir='ltr'>inter,</span> <span class='ocrx_word' id='word_1_36' title='bbox 1029 889 1066 930; x_wconf 86' lang='lat'>20</span> <span class='ocrx_word' id='word_1_37' title='bbox 1079 871 1151 929; x_wconf 91' lang='lat' dir='ltr'>maii</span> <span class='ocrx_word' id='word_1_38' title='bbox 1166 871 1236 928; x_wconf 76' lang='lat'><strong>1632</strong></span> 
     </span>
     <span class='ocr_line' id='line_1_6' title="bbox 143 955 1234 1034; baseline -0.008 -14"><span class='ocrx_word' id='word_1_39' title='bbox 143 965 297 1034; x_wconf 87' lang='lat' dir='ltr'>concessit,</span> <span class='ocrx_word' id='word_1_40' title='bbox 312 963 399 1020; x_wconf 87' lang='lat' dir='ltr'>certis</span> <span class='ocrx_word' id='word_1_41' title='bbox 411 960 638 1019; x_wconf 87' lang='lat' dir='ltr'>condicionibus</span> <span class='ocrx_word' id='word_1_42' title='bbox 649 971 668 1030; x_wconf 86' lang='lat'>¹,</span> <span class='ocrx_word' id='word_1_43' title='bbox 684 960 818 1034; x_wconf 88' lang='lat' dir='ltr'>pluribus</span> <span class='ocrx_word' id='word_1_44' title='bbox 831 977 883 1032; x_wconf 91' lang='lat' dir='ltr'>per</span> <span class='ocrx_word' id='word_1_45' title='bbox 893 975 1007 1015; x_wconf 92' lang='lat' dir='ltr'>annum</span> <span class='ocrx_word' id='word_1_46' title='bbox 1018 957 1123 1014; x_wconf 90' lang='lat' dir='ltr'>diebus</span> <span class='ocrx_word' id='word_1_47' title='bbox 1138 955 1234 1029; x_wconf 93' lang='lat' dir='ltr'>publi·</span> 
     </span>
     <span class='ocr_line' id='line_1_7' title="bbox 144 1039 1235 1120; baseline -0.007 -16"><span class='ocrx_word' id='word_1_48' title='bbox 144 1065 211 1106; x_wconf 88' lang='lat' dir='ltr'>cam</span> <span class='ocrx_word' id='word_1_49' title='bbox 233 1046 412 1105; x_wconf 88' lang='lat' dir='ltr'>sanctissimi</span> <span class='ocrx_word' id='word_1_50' title='bbox 433 1045 649 1120; x_wconf 84' lang='lat' dir='ltr'>expositionem</span> <span class='ocrx_word' id='word_1_51' title='bbox 671 1043 869 1116; x_wconf 85' lang='lat' dir='ltr'>Regularibus</span> <span class='ocrx_word' id='word_1_52' title='bbox 882 1040 1118 1100; x_wconf 90' lang='lat' dir='ltr'>Archidioecesis</span> <span class='ocrx_word' id='word_1_53' title='bbox 1132 1039 1235 1096; x_wconf 89' lang='lat' dir='ltr'>Mech-</span> 
     </span>
     <span class='ocr_line' id='line_1_8' title="bbox 144 1123 1236 1201; baseline -0.007 -14"><span class='ocrx_word' id='word_1_54' title='bbox 144 1130 288 1188; x_wconf 89' lang='lat' dir='ltr'>liniensis.</span> <span class='ocrx_word' id='word_1_55' title='bbox 323 1129 370 1187; x_wconf 87' lang='lat' dir='ltr'>Ad</span> <span class='ocrx_word' id='word_1_56' title='bbox 403 1145 491 1186; x_wconf 89' lang='lat' dir='ltr'>usum</span> <span class='ocrx_word' id='word_1_57' title='bbox 524 1129 609 1186; x_wconf 90' lang='lat' dir='ltr'>istius</span> <span class='ocrx_word' id='word_1_58' title='bbox 640 1127 785 1201; x_wconf 82' lang='lat' dir='ltr'>privilegii</span> <span class='ocrx_word' id='word_1_59' title='bbox 821 1137 972 1200; x_wconf 87' lang='lat' dir='ltr'>respectus</span> <span class='ocrx_word' id='word_1_60' title='bbox 1002 1133 1047 1184; x_wconf 91' lang='lat' dir='ltr'>est</span> <span class='ocrx_word' id='word_1_61' title='bbox 1079 1123 1236 1182; x_wconf 88' lang='lat' dir='ltr'>habendus</span> 
     </span>
     <span class='ocr_line' id='line_1_9' title="bbox 143 1211 1091 1294; baseline -0.005 -22"><span class='ocrx_word' id='word_1_62' title='bbox 143 1215 299 1288; x_wconf 89' lang='lat' dir='ltr'>regionum</span> <span class='ocrx_word' id='word_1_63' title='bbox 313 1230 390 1287; x_wconf 91' lang='lat' dir='ltr'>quae</span> <span class='ocrx_word' id='word_1_64' title='bbox 403 1221 474 1269; x_wconf 88' lang='lat' dir='ltr'>tunc</span> <span class='ocrx_word' id='word_1_65' title='bbox 484 1212 515 1270; x_wconf 95' lang='lat' dir='ltr'>in</span> <span class='ocrx_word' id='word_1_66' title='bbox 529 1212 621 1294; x_wconf 84' lang='lat' dir='ltr'>hujus</span> <span class='ocrx_word' id='word_1_67' title='bbox 634 1211 858 1286; x_wconf 83' lang='lat' dir='ltr'>Archiepiscopi</span> <span class='ocrx_word' id='word_1_68' title='bbox 871 1220 955 1268; x_wconf 89' lang='lat' dir='ltr'>erant</span> <span class='ocrx_word' id='word_1_69' title='bbox 968 1211 1091 1268; x_wconf 82' lang='lat' dir='ltr'>ditione.</span> 
     </span>
    </p>
   </div>
   <div class='ocr_carea' id='block_1_3' title="bbox 185 1307 1134 1402">
    <p class='ocr_par' dir='ltr' id='par_1_4' title="bbox 185 1307 1134 1402">
     <span class='ocr_line' id='line_1_10' title="bbox 185 1307 1134 1402; baseline -0.006 -26"><span class='ocrx_word' id='word_1_70' title='bbox 185 1336 216 1378; x_wconf 87' lang='lat'>2.</span> <span class='ocrx_word' id='word_1_71' title='bbox 232 1311 364 1376; x_wconf 80' lang='lat' dir='ltr'>Privata</span> <span class='ocrx_word' id='word_1_72' title='bbox 380 1310 544 1393; x_wconf 87' lang='lat' dir='ltr'>expositio</span> <span class='ocrx_word' id='word_1_73' title='bbox 559 1310 662 1372; x_wconf 91' lang='lat' dir='ltr'>libere</span> <span class='ocrx_word' id='word_1_74' title='bbox 675 1311 882 1402; x_wconf 82' lang='lat' dir='ltr'>permittitur</span> <span class='ocrx_word' id='word_1_75' title='bbox 896 1307 1134 1390; x_wconf 88' lang='lat' dir='ltr'>Regularibus.</span> 
     </span>
    </p>
   </div>
   <div class='ocr_carea' id='block_1_4' title="bbox 137 1411 1238 3832">
    <p class='ocr_par' dir='ltr' id='par_1_5' title="bbox 145 1411 1236 1574">
     <span class='ocr_line' id='line_1_11' title="bbox 179 1411 1236 1488; baseline -0.006 -13"><span class='ocrx_word' id='word_1_76' title='bbox 179 1418 292 1476; x_wconf 90' lang='lat' dir='ltr'>Verum</span> <span class='ocrx_word' id='word_1_77' title='bbox 305 1434 377 1473; x_wconf 84' lang='lat' dir='ltr'>non</span> <span class='ocrx_word' id='word_1_78' title='bbox 400 1415 542 1472; x_wconf 90' lang='lat' dir='ltr'>convenit</span> <span class='ocrx_word' id='word_1_79' title='bbox 565 1432 715 1488; x_wconf 89' lang='lat' dir='ltr'>quaenam</span> <span class='ocrx_word' id='word_1_80' title='bbox 735 1415 810 1472; x_wconf 89' lang='lat' dir='ltr'>ratio</span> <span class='ocrx_word' id='word_1_81' title='bbox 834 1414 970 1488; x_wconf 91' lang='lat' dir='ltr'>publicae</span> <span class='ocrx_word' id='word_1_82' title='bbox 990 1412 1183 1487; x_wconf 85' lang='lat' dir='ltr'>expositionis</span> <span class='ocrx_word' id='word_1_83' title='bbox 1196 1411 1236 1470; x_wconf 89' lang='lat' dir='ltr'>sit</span> 
     </span>
     <span class='ocr_line' id='line_1_12' title="bbox 145 1499 782 1574; baseline -0.005 -15"><span class='ocrx_word' id='word_1_84' title='bbox 145 1502 344 1574; x_wconf 82' lang='lat' dir='ltr'>Regularibus</span> <span class='ocrx_word' id='word_1_85' title='bbox 357 1501 395 1556; x_wconf 91' lang='lat' dir='ltr'>ab</span> <span class='ocrx_word' id='word_1_86' title='bbox 411 1499 559 1573; x_wconf 88' lang='lat' dir='ltr'>Episcopo</span> <span class='ocrx_word' id='word_1_87' title='bbox 575 1499 782 1572; x_wconf 90' lang='lat' dir='ltr'>permittenda.</span> 
     </span>
    </p>

    <p class='ocr_par' dir='ltr' id='par_1_6' title="bbox 145 1579 1238 2406">
     <span class='ocr_line' id='line_1_13' title="bbox 180 1579 1234 1658; baseline -0.003 -17"><span class='ocrx_word' id='word_1_88' title='bbox 180 1585 239 1641; x_wconf 87' lang='lat' dir='ltr'>Alii</span> <span class='ocrx_word' id='word_1_89' title='bbox 262 1584 344 1640; x_wconf 89' lang='lat' dir='ltr'>enim</span> <span class='ocrx_word' id='word_1_90' title='bbox 366 1582 529 1656; x_wconf 86' lang='lat' dir='ltr'>Regulares</span> <span class='ocrx_word' id='word_1_91' title='bbox 549 1583 695 1638; x_wconf 92' lang='lat' dir='ltr'>obnoxios</span> <span class='ocrx_word' id='word_1_92' title='bbox 716 1579 830 1639; x_wconf 87' lang='lat' dir='ltr'>faciunt</span> <span class='ocrx_word' id='word_1_93' title='bbox 849 1582 997 1658; x_wconf 86' lang='lat' dir='ltr'>Episcopo</span> <span class='ocrx_word' id='word_1_94' title='bbox 1013 1583 1094 1640; x_wconf 90' lang='lat' dir='ltr'>inea</span> <span class='ocrx_word' id='word_1_95' title='bbox 1116 1589 1234 1639; x_wconf 84' lang='lat' dir='ltr'>tantum</span> 
     </span>
     <span class='ocr_line' id='line_1_14' title="bbox 146 1661 1237 1744; baseline -0.003 -20"><span class='ocrx_word' id='word_1_96' title='bbox 146 1667 331 1742; x_wconf 84' lang='lat' dir='ltr'>expositione</span> <span class='ocrx_word' id='word_1_97' title='bbox 353 1682 431 1738; x_wconf 90' lang='lat' dir='ltr'>quae</span> <span class='ocrx_word' id='word_1_98' title='bbox 444 1661 568 1742; x_wconf 70' lang='lat' dir='ltr'>soranae</span> <span class='ocrx_word' id='word_1_99' title='bbox 590 1666 628 1721; x_wconf 92' lang='lat' dir='ltr'>sit</span> <span class='ocrx_word' id='word_1_100' title='bbox 646 1661 785 1744; x_wconf 78' lang='lat' dir='ltr'>publicae</span> <span class='ocrx_word' id='word_1_101' title='bbox 808 1674 838 1722; x_wconf 90' lang='lat' dir='ltr'>et</span> <span class='ocrx_word' id='word_1_102' title='bbox 858 1661 967 1744; x_wconf 85' lang='lat' dir='ltr'>polam</span> <span class='ocrx_word' id='word_1_103' title='bbox 991 1664 1052 1736; x_wconf 84' lang='lat' dir='ltr'>liat,</span> <span class='ocrx_word' id='word_1_104' title='bbox 1076 1672 1237 1722; x_wconf 88' lang='lat' dir='ltr'>autumant</span> 
     </span>
     <span class='ocr_line' id='line_1_15' title="bbox 145 1746 1236 1824; baseline -0.004 -15"><span class='ocrx_word' id='word_1_105' title='bbox 145 1763 246 1809; x_wconf 90' lang='lat' dir='ltr'>autem</span> <span class='ocrx_word' id='word_1_106' title='bbox 261 1751 381 1808; x_wconf 89' lang='lat' dir='ltr'>eosdem</span> <span class='ocrx_word' id='word_1_107' title='bbox 396 1767 459 1805; x_wconf 86' lang='lat' dir='ltr'>esse</span> <span class='ocrx_word' id='word_1_108' title='bbox 471 1748 612 1824; x_wconf 85' lang='lat' dir='ltr'>suijuris,</span> <span class='ocrx_word' id='word_1_109' title='bbox 624 1750 686 1805; x_wconf 88' lang='lat' dir='ltr'>sive</span> <span class='ocrx_word' id='word_1_110' title='bbox 701 1750 846 1822; x_wconf 84' lang='lat' dir='ltr'>expositio</span> <span class='ocrx_word' id='word_1_111' title='bbox 859 1767 995 1807; x_wconf 88' lang='lat' dir='ltr'>excausa</span> <span class='ocrx_word' id='word_1_112' title='bbox 1010 1751 1125 1823; x_wconf 90' lang='lat' dir='ltr'>privata</span> <span class='ocrx_word' id='word_1_113' title='bbox 1139 1746 1191 1806; x_wconf 86' lang='lat' dir='ltr'>liat</span> <span class='ocrx_word' id='word_1_114' title='bbox 1205 1749 1236 1805; x_wconf 88' lang='lat' dir='ltr'>in</span> 
     </span>
     <span class='ocr_line' id='line_1_16' title="bbox 145 1829 1238 1906; baseline -0.004 -15"><span class='ocrx_word' id='word_1_115' title='bbox 145 1834 240 1891; x_wconf 85' lang='lat' dir='ltr'>forma</span> <span class='ocrx_word' id='word_1_116' title='bbox 259 1834 372 1906; x_wconf 88' lang='lat' dir='ltr'>privata</span> <span class='ocrx_word' id='word_1_117' title='bbox 393 1849 493 1888; x_wconf 88' lang='lat' dir='ltr'>coram</span> <span class='ocrx_word' id='word_1_118' title='bbox 517 1830 662 1900; x_wconf 85' lang='lat' dir='ltr'>fidelibus,</span> <span class='ocrx_word' id='word_1_119' title='bbox 680 1832 742 1888; x_wconf 88' lang='lat' dir='ltr'>sive</span> <span class='ocrx_word' id='word_1_120' title='bbox 766 1829 862 1888; x_wconf 88' lang='lat' dir='ltr'>forma</span> <span class='ocrx_word' id='word_1_121' title='bbox 875 1844 904 1890; x_wconf 88' lang='lat' dir='ltr'>et</span> <span class='ocrx_word' id='word_1_122' title='bbox 918 1850 1009 1889; x_wconf 91' lang='lat' dir='ltr'>causa</span> <span class='ocrx_word' id='word_1_123' title='bbox 1032 1833 1153 1906; x_wconf 88' lang='lat' dir='ltr'>quidem</span> <span class='ocrx_word' id='word_1_124' title='bbox 1177 1831 1238 1888; x_wconf 90' lang='lat' dir='ltr'>sint</span> 
     </span>
     <span class='ocr_line' id='line_1_17' title="bbox 145 1913 1237 1994; baseline -0.002 -22"><span class='ocrx_word' id='word_1_125' title='bbox 145 1918 290 1991; x_wconf 89' lang='lat' dir='ltr'>publicae,</span> <span class='ocrx_word' id='word_1_126' title='bbox 303 1916 353 1972; x_wconf 92' lang='lat' dir='ltr'>sed</span> <span class='ocrx_word' id='word_1_127' title='bbox 364 1927 529 1988; x_wconf 88' lang='lat' dir='ltr'>exponatur</span> <span class='ocrx_word' id='word_1_128' title='bbox 542 1914 771 1994; x_wconf 86' lang='lat' dir='ltr'>Sanctissimum</span> <span class='ocrx_word' id='word_1_129' title='bbox 783 1917 828 1972; x_wconf 91' lang='lat' dir='ltr'>vel</span> <span class='ocrx_word' id='word_1_130' title='bbox 836 1914 938 1992; x_wconf 89' lang='lat' dir='ltr'>januis</span> <span class='ocrx_word' id='word_1_131' title='bbox 952 1916 1061 1972; x_wconf 91' lang='lat' dir='ltr'>clausis</span> <span class='ocrx_word' id='word_1_132' title='bbox 1071 1925 1100 1972; x_wconf 91' lang='lat' dir='ltr'>et</span> <span class='ocrx_word' id='word_1_133' title='bbox 1112 1913 1237 1970; x_wconf 87' lang='lat' dir='ltr'>seclusis</span> 
     </span>
     <span class='ocr_line' id='line_1_18' title="bbox 145 1995 1237 2078; baseline -0.001 -21"><span class='ocrx_word' id='word_1_134' title='bbox 145 2001 273 2058; x_wconf 88' lang='lat' dir='ltr'>externis</span> <span class='ocrx_word' id='word_1_135' title='bbox 287 2001 316 2056; x_wconf 93' lang='lat' dir='ltr'>in</span> <span class='ocrx_word' id='word_1_136' title='bbox 337 2000 461 2056; x_wconf 90' lang='lat' dir='ltr'>ecclesia</span> <span class='ocrx_word' id='word_1_137' title='bbox 474 1999 520 2054; x_wconf 89' lang='lat' dir='ltr'>vel</span> <span class='ocrx_word' id='word_1_138' title='bbox 536 1999 566 2053; x_wconf 92' lang='lat' dir='ltr'>in</span> <span class='ocrx_word' id='word_1_139' title='bbox 580 1999 706 2054; x_wconf 91' lang='lat' dir='ltr'>oratorio</span> <span class='ocrx_word' id='word_1_140' title='bbox 721 1999 893 2056; x_wconf 90' lang='lat' dir='ltr'>domestico.</span> <span class='ocrx_word' id='word_1_141' title='bbox 916 1997 961 2055; x_wconf 89' lang='lat' dir='ltr'>lta</span> <span class='ocrx_word' id='word_1_142' title='bbox 981 1997 1088 2069; x_wconf 86' lang='lat' dir='ltr'>Eouix,</span> <span class='ocrx_word' id='word_1_143' title='bbox 1104 1996 1151 2056; x_wconf 84' lang='lat' dir='ltr'>De</span> <span class='ocrx_word' id='word_1_144' title='bbox 1164 1995 1237 2078; x_wconf 80' lang='lat' dir='ltr'>jure</span> 
     </span>
     <span class='ocr_line' id='line_1_19' title="bbox 145 2075 1237 2162; baseline -0.004 -20"><span class='ocrx_word' id='word_1_145' title='bbox 145 2079 281 2162; x_wconf 83' lang='lat' dir='ltr'>regular.</span> <span class='ocrx_word' id='word_1_146' title='bbox 297 2091 317 2138; x_wconf 90' lang='lat' dir='ltr'>t.</span> <span class='ocrx_word' id='word_1_147' title='bbox 331 2098 358 2151; x_wconf 90' lang='lat'>2,</span> <span class='ocrx_word' id='word_1_148' title='bbox 376 2098 404 2154; x_wconf 90' lang='lat' dir='ltr'>p.</span> <span class='ocrx_word' id='word_1_149' title='bbox 419 2097 490 2150; x_wconf 87' lang='lat'>212;</span> <span class='ocrx_word' id='word_1_150' title='bbox 506 2079 691 2151; x_wconf 88' lang='lat' dir='ltr'>Lehmkuhl,</span> <span class='ocrx_word' id='word_1_151' title='bbox 709 2075 808 2143; x_wconf 73' lang='lat' dir='ltr'>Theoi.</span> <span class='ocrx_word' id='word_1_152' title='bbox 823 2098 900 2139; x_wconf 85' lang='lat' dir='ltr'>mor.</span> <span class='ocrx_word' id='word_1_153' title='bbox 912 2091 933 2139; x_wconf 90' lang='lat' dir='ltr'>t.</span> <span class='ocrx_word' id='word_1_154' title='bbox 948 2098 975 2151; x_wconf 86' lang='lat'>2,</span> <span class='ocrx_word' id='word_1_155' title='bbox 993 2100 1025 2139; x_wconf 91' lang='lat' dir='ltr'>n.</span> <span class='ocrx_word' id='word_1_156' title='bbox 1042 2097 1093 2156; x_wconf 78' lang='lat'>133</span> <span class='ocrx_word' id='word_1_157' title='bbox 1102 2098 1110 2152; x_wconf 94' lang='lat'>;</span> <span class='ocrx_word' id='word_1_158' title='bbox 1126 2080 1237 2138; x_wconf 86' lang='lat' dir='ltr'>Bucce-</span> 
     </span>
     <span class='ocr_line' id='line_1_20' title="bbox 146 2158 1235 2241; baseline -0.004 -17"><span class='ocrx_word' id='word_1_159' title='bbox 146 2169 221 2237; x_wconf 92' lang='lat' dir='ltr'>roni,</span> <span class='ocrx_word' id='word_1_160' title='bbox 237 2160 336 2224; x_wconf 75' lang='lat' dir='ltr'>Theoi.</span> <span class='ocrx_word' id='word_1_161' title='bbox 351 2179 428 2222; x_wconf 83' lang='lat' dir='ltr'>mor.</span> <span class='ocrx_word' id='word_1_162' title='bbox 444 2161 490 2220; x_wconf 81' lang='lat' dir='ltr'>De</span> <span class='ocrx_word' id='word_1_163' title='bbox 500 2158 624 2240; x_wconf 81' lang='lat' dir='ltr'>legibus,</span> <span class='ocrx_word' id='word_1_164' title='bbox 639 2180 681 2231; x_wconf 88' lang='lat' dir='ltr'>rx,</span> <span class='ocrx_word' id='word_1_165' title='bbox 695 2161 743 2220; x_wconf 82' lang='lat' dir='ltr'>De</span> <span class='ocrx_word' id='word_1_166' title='bbox 749 2159 931 2241; x_wconf 77' lang='lat' dir='ltr'>privilegiis,</span> <span class='ocrx_word' id='word_1_167' title='bbox 946 2181 977 2221; x_wconf 89' lang='lat' dir='ltr'>n.</span> <span class='ocrx_word' id='word_1_168' title='bbox 994 2180 1063 2237; x_wconf 81' lang='lat'><em>1313</em></span> <span class='ocrx_word' id='word_1_169' title='bbox 1083 2164 1235 2235; x_wconf 89' lang='lat' dir='ltr'>Palmieri,</span> 
     </span>
     <span class='ocr_line' id='line_1_21' title="bbox 147 2244 1236 2328; baseline -0.004 -19"><span class='ocrx_word' id='word_1_170' title='bbox 147 2248 230 2328; x_wconf 79' lang='lat' dir='ltr'>Opus</span> <span class='ocrx_word' id='word_1_171' title='bbox 253 2244 338 2307; x_wconf 79' lang='lat' dir='ltr'>theol.</span> <span class='ocrx_word' id='word_1_172' title='bbox 352 2257 388 2305; x_wconf 90' lang='lat' dir='ltr'>tr.</span> <span class='ocrx_word' id='word_1_173' title='bbox 399 2263 427 2321; x_wconf 90' lang='lat'>9,</span> <span class='ocrx_word' id='word_1_174' title='bbox 441 2263 467 2304; x_wconf 90' lang='lat' dir='ltr'>c.</span> <span class='ocrx_word' id='word_1_175' title='bbox 493 2263 517 2312; x_wconf 89' lang='lat' dir='ltr'>r,</span> <span class='ocrx_word' id='word_1_176' title='bbox 533 2265 564 2303; x_wconf 92' lang='lat' dir='ltr'>n.</span> <span class='ocrx_word' id='word_1_177' title='bbox 581 2246 642 2304; x_wconf 82' lang='lat'>166.</span> <span class='ocrx_word' id='word_1_178' title='bbox 659 2246 723 2304; x_wconf 90' lang='lat' dir='ltr'>Nec</span> <span class='ocrx_word' id='word_1_179' title='bbox 745 2257 891 2320; x_wconf 87' lang='lat' dir='ltr'>repugnat</span> <span class='ocrx_word' id='word_1_180' title='bbox 904 2246 1028 2318; x_wconf 86' lang='lat' dir='ltr'>Wernz,</span> <span class='ocrx_word' id='word_1_181' title='bbox 1049 2258 1069 2304; x_wconf 90' lang='lat' dir='ltr'>t.</span> <span class='ocrx_word' id='word_1_182' title='bbox 1085 2263 1112 2320; x_wconf 85' lang='lat'>3,</span> <span class='ocrx_word' id='word_1_183' title='bbox 1129 2265 1157 2321; x_wconf 91' lang='lat' dir='ltr'>p.</span> <span class='ocrx_word' id='word_1_184' title='bbox 1172 2249 1236 2320; x_wconf 88' lang='lat'>788,</span> 
     </span>
     <span class='ocr_line' id='line_1_22' title="bbox 149 2345 299 2406; baseline -0.013 -16"><span class='ocrx_word' id='word_1_185' title='bbox 149 2345 220 2390; x_wconf 87' lang='lat' dir='ltr'>nota</span> <span class='ocrx_word' id='word_1_186' title='bbox 234 2347 299 2406; x_wconf 88' lang='lat'>730.</span> 
     </span>
    </p>

    <p class='ocr_par' dir='ltr' id='par_1_7' title="bbox 137 2413 1237 3329">
     <span class='ocr_line' id='line_1_23' title="bbox 181 2413 1237 2489; baseline 0.001 -18"><span class='ocrx_word' id='word_1_187' title='bbox 181 2413 240 2471; x_wconf 93' lang='lat' dir='ltr'>Alii</span> <span class='ocrx_word' id='word_1_188' title='bbox 259 2423 361 2470; x_wconf 88' lang='lat' dir='ltr'>autem</span> <span class='ocrx_word' id='word_1_189' title='bbox 382 2429 474 2469; x_wconf 90' lang='lat' dir='ltr'>unam</span> <span class='ocrx_word' id='word_1_190' title='bbox 499 2413 674 2486; x_wconf 90' lang='lat' dir='ltr'>permittunt</span> <span class='ocrx_word' id='word_1_191' title='bbox 696 2413 894 2487; x_wconf 86' lang='lat' dir='ltr'>Regularibus</span> <span class='ocrx_word' id='word_1_192' title='bbox 916 2415 1134 2488; x_wconf 86' lang='lat' dir='ltr'>expositionem</span> <span class='ocrx_word' id='word_1_193' title='bbox 1159 2431 1237 2489; x_wconf 89' lang='lat' dir='ltr'>quae</span> 
     </span>
     <span class='ocr_line' id='line_1_24' title="bbox 137 2492 1234 2577; baseline 0 -20"><span class='ocrx_word' id='word_1_194' title='bbox 137 2493 260 2577; x_wconf 78' lang='lat' dir='ltr'>formae</span> <span class='ocrx_word' id='word_1_195' title='bbox 272 2498 310 2555; x_wconf 92' lang='lat' dir='ltr'>sit</span> <span class='ocrx_word' id='word_1_196' title='bbox 316 2492 465 2576; x_wconf 77' lang='lat' dir='ltr'>privatae.</span> <span class='ocrx_word' id='word_1_197' title='bbox 481 2495 525 2552; x_wconf 85' lang='lat' dir='ltr'>la</span> <span class='ocrx_word' id='word_1_198' title='bbox 543 2495 645 2566; x_wconf 81' lang='lat' dir='ltr'>Melet,</span> <span class='ocrx_word' id='word_1_199' title='bbox 659 2517 690 2556; x_wconf 90' lang='lat' dir='ltr'>n.</span> <span class='ocrx_word' id='word_1_200' title='bbox 704 2503 767 2574; x_wconf 57' lang='grc'>253,</span> <span class='ocrx_word' id='word_1_201' title='bbox 782 2511 811 2555; x_wconf 90' lang='lat' dir='ltr'>et</span> <span class='ocrx_word' id='word_1_202' title='bbox 824 2499 900 2571; x_wconf 89' lang='lat' dir='ltr'>Piat,</span> <span class='ocrx_word' id='word_1_203' title='bbox 912 2517 961 2574; x_wconf 88' lang='lat' dir='ltr'>op.</span> <span class='ocrx_word' id='word_1_204' title='bbox 976 2501 1016 2557; x_wconf 93' lang='lat' dir='ltr'>cit</span> <span class='ocrx_word' id='word_1_205' title='bbox 1042 2517 1075 2570; x_wconf 85' lang='lat'>11,</span> <span class='ocrx_word' id='word_1_206' title='bbox 1088 2518 1117 2574; x_wconf 92' lang='lat' dir='ltr'>p.</span> <span class='ocrx_word' id='word_1_207' title='bbox 1128 2514 1174 2575; x_wconf 81' lang='lat'>25.</span> <span class='ocrx_word' id='word_1_208' title='bbox 1188 2499 1234 2558; x_wconf 81' lang='lat'>26.</span> 
     </span>
     <span class='ocr_line' id='line_1_25' title="bbox 145 2576 1235 2658; baseline 0 -17"><span class='ocrx_word' id='word_1_209' title='bbox 145 2584 284 2656; x_wconf 80' lang='lat' dir='ltr'>Arguunt</span> <span class='ocrx_word' id='word_1_210' title='bbox 293 2599 330 2638; x_wconf 88' lang='lat' dir='ltr'>ex</span> <span class='ocrx_word' id='word_1_211' title='bbox 339 2581 373 2639; x_wconf 89' lang='lat' dir='ltr'>C.</span> <span class='ocrx_word' id='word_1_212' title='bbox 383 2579 536 2638; x_wconf 88' lang='lat' dir='ltr'>Benedicti</span> <span class='ocrx_word' id='word_1_213' title='bbox 550 2598 613 2652; x_wconf 85' lang='lat' dir='ltr'>xiv,</span> <span class='ocrx_word' id='word_1_214' title='bbox 626 2576 707 2641; x_wconf 75' lang='lat' dir='ltr'>Cum</span> <span class='ocrx_word' id='word_1_215' title='bbox 716 2585 749 2642; x_wconf 78' lang='lat' dir='ltr'>til</span> <span class='ocrx_word' id='word_1_216' title='bbox 760 2585 843 2654; x_wconf 78' lang='lat' dir='ltr'>recle,</span> <span class='ocrx_word' id='word_1_217' title='bbox 856 2597 886 2641; x_wconf 91' lang='lat' dir='ltr'>et</span> <span class='ocrx_word' id='word_1_218' title='bbox 895 2585 1020 2642; x_wconf 91' lang='lat' dir='ltr'>decretis</span> <span class='ocrx_word' id='word_1_219' title='bbox 1030 2583 1111 2644; x_wconf 87' lang='lat' dir='ltr'>Sacr.</span> <span class='ocrx_word' id='word_1_220' title='bbox 1124 2584 1235 2658; x_wconf 87' lang='lat' dir='ltr'>Congr.</span> 
     </span>
     <span class='ocr_line' id='line_1_26' title="bbox 147 2666 1236 2745; baseline 0.002 -21"><span class='ocrx_word' id='word_1_221' title='bbox 147 2667 242 2724; x_wconf 92' lang='lat' dir='ltr'>Nobis</span> <span class='ocrx_word' id='word_1_222' title='bbox 251 2681 354 2725; x_wconf 90' lang='lat' dir='ltr'>tamen</span> <span class='ocrx_word' id='word_1_223' title='bbox 369 2667 444 2723; x_wconf 85' lang='lat' dir='ltr'>ratio</span> <span class='ocrx_word' id='word_1_224' title='bbox 455 2683 558 2724; x_wconf 90' lang='lat' dir='ltr'>eorum</span> <span class='ocrx_word' id='word_1_225' title='bbox 575 2684 635 2723; x_wconf 92' lang='lat' dir='ltr'>non</span> <span class='ocrx_word' id='word_1_226' title='bbox 656 2668 771 2725; x_wconf 89' lang='lat' dir='ltr'>videtur</span> <span class='ocrx_word' id='word_1_227' title='bbox 783 2666 898 2727; x_wconf 88' lang='lat' dir='ltr'>efficax.</span> <span class='ocrx_word' id='word_1_228' title='bbox 916 2668 1001 2745; x_wconf 85' lang='lat' dir='ltr'>Quae</span> <span class='ocrx_word' id='word_1_229' title='bbox 1010 2669 1092 2726; x_wconf 91' lang='lat' dir='ltr'>enim</span> <span class='ocrx_word' id='word_1_230' title='bbox 1106 2666 1236 2726; x_wconf 84' lang='lat' dir='ltr'>afferun-</span> 
     </span>
     <span class='ocr_line' id='line_1_27' title="bbox 145 2751 1235 2826; baseline 0.001 -18"><span class='ocrx_word' id='word_1_231' title='bbox 145 2763 192 2808; x_wconf 89' lang='lat' dir='ltr'>tur</span> <span class='ocrx_word' id='word_1_232' title='bbox 213 2753 331 2809; x_wconf 89' lang='lat' dir='ltr'>decreta</span> <span class='ocrx_word' id='word_1_233' title='bbox 355 2751 402 2806; x_wconf 93' lang='lat' dir='ltr'>vel</span> <span class='ocrx_word' id='word_1_234' title='bbox 425 2751 588 2824; x_wconf 83' lang='lat' dir='ltr'>loquuntur</span> <span class='ocrx_word' id='word_1_235' title='bbox 609 2753 645 2807; x_wconf 91' lang='lat' dir='ltr'>de</span> <span class='ocrx_word' id='word_1_236' title='bbox 667 2753 851 2825; x_wconf 88' lang='lat' dir='ltr'>expositione</span> <span class='ocrx_word' id='word_1_237' title='bbox 880 2754 998 2826; x_wconf 92' lang='lat' dir='ltr'>publica</span> <span class='ocrx_word' id='word_1_238' title='bbox 1018 2754 1048 2810; x_wconf 93' lang='lat' dir='ltr'>in</span> <span class='ocrx_word' id='word_1_239' title='bbox 1069 2753 1193 2810; x_wconf 91' lang='lat' dir='ltr'>ecclesia</span> <span class='ocrx_word' id='word_1_240' title='bbox 1213 2762 1235 2822; x_wconf 89' lang='lat'>²,</span> 
     </span>
     <span class='ocr_line' id='line_1_28' title="bbox 145 2832 1234 2912; baseline 0 -22"><span class='ocrx_word' id='word_1_241' title='bbox 145 2836 223 2908; x_wconf 91' lang='lat' dir='ltr'>quod</span> <span class='ocrx_word' id='word_1_242' title='bbox 237 2853 288 2907; x_wconf 91' lang='lat' dir='ltr'>per</span> <span class='ocrx_word' id='word_1_243' title='bbox 301 2852 333 2890; x_wconf 91' lang='lat' dir='ltr'>se</span> <span class='ocrx_word' id='word_1_244' title='bbox 347 2832 433 2890; x_wconf 84' lang='lat' dir='ltr'>insert</span> <span class='ocrx_word' id='word_1_245' title='bbox 443 2847 574 2890; x_wconf 85' lang='lat' dir='ltr'>astantes</span> <span class='ocrx_word' id='word_1_246' title='bbox 589 2833 699 2904; x_wconf 90' lang='lat' dir='ltr'>fideles,</span> <span class='ocrx_word' id='word_1_247' title='bbox 715 2834 761 2891; x_wconf 92' lang='lat' dir='ltr'>vel</span> <span class='ocrx_word' id='word_1_248' title='bbox 773 2835 880 2912; x_wconf 88' lang='lat' dir='ltr'>jubent</span> <span class='ocrx_word' id='word_1_249' title='bbox 894 2837 924 2892; x_wconf 93' lang='lat' dir='ltr'>in</span> <span class='ocrx_word' id='word_1_250' title='bbox 935 2837 1049 2909; x_wconf 84' lang='lat' dir='ltr'>privata</span> <span class='ocrx_word' id='word_1_251' title='bbox 1063 2835 1159 2893; x_wconf 88' lang='lat' dir='ltr'>sorma</span> <span class='ocrx_word' id='word_1_252' title='bbox 1171 2833 1234 2892; x_wconf 82' lang='lat' dir='ltr'>fieri</span> 
     </span>
     <span class='ocr_line' id='line_1_29' title="bbox 146 2914 1236 2994; baseline 0.003 -20"><span class='ocrx_word' id='word_1_253' title='bbox 146 2919 361 2989; x_wconf 85' lang='lat' dir='ltr'>expositionem</span> <span class='ocrx_word' id='word_1_254' title='bbox 375 2934 410 2972; x_wconf 89' lang='lat' dir='ltr'>ex</span> <span class='ocrx_word' id='word_1_255' title='bbox 423 2932 514 2974; x_wconf 79' lang='lat' dir='ltr'>caiisa</span> <span class='ocrx_word' id='word_1_256' title='bbox 528 2914 654 2994; x_wconf 77' lang='lat' dir='ltr'>privata</span> <span class='ocrx_word' id='word_1_257' title='bbox 667 2927 696 2987; x_wconf 84' lang='lat'>³3</span> <span class='ocrx_word' id='word_1_258' title='bbox 713 2919 801 2975; x_wconf 89' lang='lat' dir='ltr'>silent</span> <span class='ocrx_word' id='word_1_259' title='bbox 814 2937 882 2976; x_wconf 91' lang='lat' dir='ltr'>vero</span> <span class='ocrx_word' id='word_1_260' title='bbox 902 2921 937 2976; x_wconf 91' lang='lat' dir='ltr'>de</span> <span class='ocrx_word' id='word_1_261' title='bbox 960 2919 1145 2993; x_wconf 89' lang='lat' dir='ltr'>expositione</span> <span class='ocrx_word' id='word_1_262' title='bbox 1157 2937 1236 2991; x_wconf 89' lang='lat' dir='ltr'>quae</span> 
     </span>
     <span class='ocr_line' id='line_1_30' title="bbox 146 2991 1236 3074; baseline 0.003 -19"><span class='ocrx_word' id='word_1_263' title='bbox 146 3017 284 3055; x_wconf 88' lang='lat' dir='ltr'>excausa</span> <span class='ocrx_word' id='word_1_264' title='bbox 298 2999 416 3071; x_wconf 89' lang='lat' dir='ltr'>publica</span> <span class='ocrx_word' id='word_1_265' title='bbox 431 2991 482 3054; x_wconf 85' lang='lat' dir='ltr'>fiat</span> <span class='ocrx_word' id='word_1_266' title='bbox 498 3000 600 3074; x_wconf 87' lang='lat' dir='ltr'>januis</span> <span class='ocrx_word' id='word_1_267' title='bbox 616 3001 734 3056; x_wconf 89' lang='lat' dir='ltr'>clausis.</span> <span class='ocrx_word' id='word_1_268' title='bbox 750 3000 859 3070; x_wconf 92' lang='lat' dir='ltr'>lmmo,</span> <span class='ocrx_word' id='word_1_269' title='bbox 874 3003 946 3058; x_wconf 88' lang='lat' dir='ltr'>dum</span> <span class='ocrx_word' id='word_1_270' title='bbox 960 3019 1062 3058; x_wconf 91' lang='lat' dir='ltr'>recens</span> <span class='ocrx_word' id='word_1_271' title='bbox 1077 3001 1111 3059; x_wconf 90' lang='lat' dir='ltr'>C.</span> <span class='ocrx_word' id='word_1_272' title='bbox 1124 2995 1236 3058; x_wconf 82' lang='lat' dir='ltr'>Condi·</span> 
     </span>
     <span class='ocr_line' id='line_1_31' title="bbox 147 3078 1234 3160; baseline -0.001 -18"><span class='ocrx_word' id='word_1_273' title='bbox 147 3087 192 3142; x_wconf 78' lang='lat' dir='ltr'>iae</span> <span class='ocrx_word' id='word_1_274' title='bbox 210 3101 230 3141; x_wconf 82' lang='lat' dir='ltr'>a</span> <span class='ocrx_word' id='word_1_275' title='bbox 252 3078 373 3140; x_wconf 73' lang='lat' dir='ltr'>Christo</span> <span class='ocrx_word' id='word_1_276' title='bbox 396 3099 421 3138; x_wconf 92' lang='lat' dir='ltr'>c.</span> <span class='ocrx_word' id='word_1_277' title='bbox 438 3098 464 3152; x_wconf 87' lang='lat'>2,</span> <span class='ocrx_word' id='word_1_278' title='bbox 478 3098 509 3139; x_wconf 91' lang='lat' dir='ltr'>n.</span> <span class='ocrx_word' id='word_1_279' title='bbox 526 3100 570 3151; x_wconf 89' lang='grc' dir='ltr'>ιιι,</span> <span class='ocrx_word' id='word_1_280' title='bbox 587 3083 728 3157; x_wconf 89' lang='lat' dir='ltr'>Episcopi</span> <span class='ocrx_word' id='word_1_281' title='bbox 747 3086 817 3140; x_wconf 90' lang='lat' dir='ltr'>dicit</span> <span class='ocrx_word' id='word_1_282' title='bbox 829 3102 893 3140; x_wconf 90' lang='lat' dir='ltr'>esse</span> <span class='ocrx_word' id='word_1_283' title='bbox 911 3085 961 3160; x_wconf 90' lang='lat' dir='ltr'>jus</span> <span class='ocrx_word' id='word_1_284' title='bbox 977 3105 989 3136; x_wconf 75' lang='grc' dir='ltr'>ι</span> <span class='ocrx_word' id='word_1_285' title='bbox 1005 3088 1234 3141; x_wconf 85' lang='lat' dir='ltr'>Sacramentum</span> 
     </span>
     <span class='ocr_line' id='line_1_32' title="bbox 147 3161 1237 3244; baseline 0.003 -22"><span class='ocrx_word' id='word_1_286' title='bbox 147 3180 306 3241; x_wconf 87' lang='lat' dir='ltr'>augustum</span> <span class='ocrx_word' id='word_1_287' title='bbox 323 3166 445 3239; x_wconf 90' lang='lat' dir='ltr'>proponi</span> <span class='ocrx_word' id='word_1_288' title='bbox 453 3161 562 3243; x_wconf 82' lang='lat' dir='ltr'>palam</span> <span class='ocrx_word' id='word_1_289' title='bbox 576 3168 759 3223; x_wconf 79' lang='lat' dir='ltr'>veneraioni</span> <span class='ocrx_word' id='word_1_290' title='bbox 767 3163 933 3244; x_wconf 76' lang='lat' dir='ltr'>fidelium»</span> <span class='ocrx_word' id='word_1_291' title='bbox 948 3187 1050 3224; x_wconf 93' lang='lat' dir='ltr'>nonne</span> <span class='ocrx_word' id='word_1_292' title='bbox 1072 3169 1144 3224; x_wconf 89' lang='lat' dir='ltr'>satis</span> <span class='ocrx_word' id='word_1_293' title='bbox 1157 3169 1237 3225; x_wconf 92' lang='lat' dir='ltr'>clare</span> 
     </span>
     <span class='ocr_line' id='line_1_33' title="bbox 146 3246 929 3329; baseline 0.004 -23"><span class='ocrx_word' id='word_1_294' title='bbox 146 3251 183 3306; x_wconf 94' lang='lat' dir='ltr'>de</span> <span class='ocrx_word' id='word_1_295' title='bbox 196 3268 231 3306; x_wconf 93' lang='lat' dir='ltr'>ea</span> <span class='ocrx_word' id='word_1_296' title='bbox 244 3251 373 3326; x_wconf 89' lang='lat' dir='ltr'>loquitur</span> <span class='ocrx_word' id='word_1_297' title='bbox 384 3250 569 3320; x_wconf 71' lang='lat' dir='ltr'>expositione</span> <span class='ocrx_word' id='word_1_298' title='bbox 581 3267 659 3323; x_wconf 91' lang='lat' dir='ltr'>quae</span> <span class='ocrx_word' id='word_1_299' title='bbox 673 3248 727 3307; x_wconf 90' lang='lat' dir='ltr'>fiat</span> <span class='ocrx_word' id='word_1_300' title='bbox 740 3247 772 3308; x_wconf 77' lang='lat' dir='ltr'>in</span> <span class='ocrx_word' id='word_1_301' title='bbox 779 3246 901 3329; x_wconf 75' lang='lat' dir='ltr'>publico</span> <span class='ocrx_word' id='word_1_302' title='bbox 913 3250 929 3310; x_wconf 70' lang='lat'>‚2</span> 
     </span>
    </p>

    <p class='ocr_par' dir='ltr' id='par_1_8' title="bbox 143 3327 1234 3664">
     <span class='ocr_line' id='line_1_34' title="bbox 182 3327 1234 3408; baseline -0.004 -15"><span class='ocrx_word' id='word_1_303' title='bbox 182 3327 348 3394; x_wconf 79' lang='lat' dir='ltr'>Censemus</span> <span class='ocrx_word' id='word_1_304' title='bbox 376 3335 475 3407; x_wconf 91' lang='lat' dir='ltr'>itaque</span> <span class='ocrx_word' id='word_1_305' title='bbox 500 3332 644 3391; x_wconf 87' lang='lat' dir='ltr'>Praelatis</span> <span class='ocrx_word' id='word_1_306' title='bbox 670 3335 855 3407; x_wconf 83' lang='lat' dir='ltr'>regularibus</span> <span class='ocrx_word' id='word_1_307' title='bbox 887 3353 943 3391; x_wconf 88' lang='lat' dir='ltr'>sua</span> <span class='ocrx_word' id='word_1_308' title='bbox 974 3332 1234 3408; x_wconf 88' lang='lat' dir='ltr'>quasi-episcopali</span> 
     </span>
     <span class='ocr_line' id='line_1_35' title="bbox 143 3417 1233 3497; baseline -0.003 -21"><span class='ocrx_word' id='word_1_309' title='bbox 143 3420 348 3497; x_wconf 80' lang='lat' dir='ltr'>jurisdictione</span> <span class='ocrx_word' id='word_1_310' title='bbox 366 3435 467 3491; x_wconf 84' lang='lat' dir='ltr'>regere</span> <span class='ocrx_word' id='word_1_311' title='bbox 487 3435 573 3491; x_wconf 87' lang='lat' dir='ltr'>posse</span> <span class='ocrx_word' id='word_1_312' title='bbox 592 3421 792 3491; x_wconf 81' lang='lat' dir='ltr'>expositiones</span> <span class='ocrx_word' id='word_1_313' title='bbox 810 3437 887 3493; x_wconf 90' lang='lat' dir='ltr'>quae</span> <span class='ocrx_word' id='word_1_314' title='bbox 907 3417 984 3476; x_wconf 88' lang='lat' dir='ltr'>fiunt</span> <span class='ocrx_word' id='word_1_315' title='bbox 999 3419 1102 3496; x_wconf 89' lang='lat' dir='ltr'>januis</span> <span class='ocrx_word' id='word_1_316' title='bbox 1114 3417 1233 3487; x_wconf 90' lang='lat' dir='ltr'>clausis,</span> 
     </span>
     <span class='ocr_line' id='line_1_36' title="bbox 148 3501 1234 3576; baseline -0.002 -15"><span class='ocrx_word' id='word_1_317' title='bbox 148 3506 236 3562; x_wconf 91' lang='lat' dir='ltr'>modo</span> <span class='ocrx_word' id='word_1_318' title='bbox 258 3502 386 3561; x_wconf 88' lang='lat' dir='ltr'>formam</span> <span class='ocrx_word' id='word_1_319' title='bbox 411 3503 615 3574; x_wconf 83' lang='lat' dir='ltr'>publicamus</span> <span class='ocrx_word' id='word_1_320' title='bbox 634 3504 801 3560; x_wconf 89' lang='lat' dir='ltr'>concedant</span> <span class='ocrx_word' id='word_1_321' title='bbox 818 3505 875 3561; x_wconf 91' lang='lat' dir='ltr'>nisi</span> <span class='ocrx_word' id='word_1_322' title='bbox 894 3506 933 3560; x_wconf 95' lang='lat' dir='ltr'>ob</span> <span class='ocrx_word' id='word_1_323' title='bbox 946 3521 1069 3560; x_wconf 90' lang='lat' dir='ltr'>causam</span> <span class='ocrx_word' id='word_1_324' title='bbox 1083 3501 1234 3576; x_wconf 89' lang='lat' dir='ltr'>publicam</span> 
     </span>
     <span class='ocr_line' id='line_1_37' title="bbox 146 3586 882 3664; baseline -0.003 -18"><span class='ocrx_word' id='word_1_325' title='bbox 146 3589 184 3646; x_wconf 94' lang='lat' dir='ltr'>ob</span> <span class='ocrx_word' id='word_1_326' title='bbox 195 3607 286 3664; x_wconf 89' lang='lat' dir='ltr'>quam</span> <span class='ocrx_word' id='word_1_327' title='bbox 301 3586 363 3644; x_wconf 90' lang='lat' dir='ltr'>fieri</span> <span class='ocrx_word' id='word_1_328' title='bbox 374 3588 470 3644; x_wconf 89' lang='lat' dir='ltr'>solent</span> <span class='ocrx_word' id='word_1_329' title='bbox 483 3587 681 3661; x_wconf 90' lang='lat' dir='ltr'>expositiones</span> <span class='ocrx_word' id='word_1_330' title='bbox 695 3589 725 3644; x_wconf 93' lang='lat' dir='ltr'>in</span> <span class='ocrx_word' id='word_1_331' title='bbox 739 3589 882 3645; x_wconf 86' lang='lat' dir='ltr'>ecclesiis.</span> 
     </span>
    </p>

    <p class='ocr_par' dir='ltr' id='par_1_9' title="bbox 147 3668 1236 3832">
     <span class='ocr_line' id='line_1_38' title="bbox 182 3668 1233 3749; baseline -0.006 -17"><span class='ocrx_word' id='word_1_332' title='bbox 182 3671 225 3732; x_wconf 93' lang='lat' dir='ltr'>N.</span> <span class='ocrx_word' id='word_1_333' title='bbox 248 3671 288 3731; x_wconf 91' lang='grc' dir='ltr'>Β.</span> <span class='ocrx_word' id='word_1_334' title='bbox 313 3669 430 3730; x_wconf 79' lang='lat' dir='ltr'>Forma</span> <span class='ocrx_word' id='word_1_335' title='bbox 448 3668 572 3749; x_wconf 75' lang='lat' dir='ltr'>priuata</span> <span class='ocrx_word' id='word_1_336' title='bbox 592 3673 666 3729; x_wconf 89' lang='lat' dir='ltr'>haec</span> <span class='ocrx_word' id='word_1_337' title='bbox 681 3685 726 3729; x_wconf 89' lang='lat' dir='ltr'>est</span> <span class='ocrx_word' id='word_1_338' title='bbox 738 3689 798 3746; x_wconf 92' lang='lat' dir='ltr'>qua</span> <span class='ocrx_word' id='word_1_339' title='bbox 811 3690 893 3729; x_wconf 91' lang='lat' dir='ltr'>mere</span> <span class='ocrx_word' id='word_1_340' title='bbox 907 3672 1037 3745; x_wconf 89' lang='lat' dir='ltr'>aperitur</span> <span class='ocrx_word' id='word_1_341' title='bbox 1049 3670 1233 3729; x_wconf 90' lang='lat' dir='ltr'>tabernaculi</span> 
     </span>
     <span class='ocr_line' id='line_1_39' title="bbox 147 3756 1236 3832; baseline -0.002 -16"><span class='ocrx_word' id='word_1_342' title='bbox 147 3761 267 3828; x_wconf 91' lang='lat' dir='ltr'>ostium,</span> <span class='ocrx_word' id='word_1_343' title='bbox 283 3758 380 3814; x_wconf 89' lang='lat' dir='ltr'>hostia</span> <span class='ocrx_word' id='word_1_344' title='bbox 392 3769 493 3814; x_wconf 89' lang='lat' dir='ltr'>autem</span> <span class='ocrx_word' id='word_1_345' title='bbox 508 3769 629 3814; x_wconf 93' lang='lat' dir='ltr'>maneat</span> <span class='ocrx_word' id='word_1_346' title='bbox 644 3758 751 3831; x_wconf 90' lang='lat' dir='ltr'>pyxide</span> <span class='ocrx_word' id='word_1_347' title='bbox 772 3759 873 3832; x_wconf 84' lang='lat' dir='ltr'>clausa</span> <span class='ocrx_word' id='word_1_348' title='bbox 886 3757 932 3813; x_wconf 90' lang='lat' dir='ltr'>vel</span> <span class='ocrx_word' id='word_1_349' title='bbox 952 3757 1081 3813; x_wconf 89' lang='lat' dir='ltr'>obducta</span> <span class='ocrx_word' id='word_1_350' title='bbox 1101 3756 1177 3827; x_wconf 88' lang='lat' dir='ltr'>velo,</span> <span class='ocrx_word' id='word_1_351' title='bbox 1195 3756 1236 3815; x_wconf 86' lang='lat' dir='ltr'>ita</span> 
     </span>
    </p>
   </div>
   <div class='ocr_carea' id='block_1_5' title="bbox 176 3955 1237 4017">
    <p class='ocr_par' dir='ltr' id='par_1_10' title="bbox 176 3955 1237 4017">
     <span class='ocr_line' id='line_1_40' title="bbox 176 3955 1237 4017; baseline -0.003 -10"><span class='ocrx_word' id='word_1_352' title='bbox 176 3959 266 4007; x_wconf 91' lang='lat' dir='ltr'>¹Sunt</span> <span class='ocrx_word' id='word_1_353' title='bbox 286 3957 337 4006; x_wconf 86' lang='lat' dir='ltr'>hae</span> <span class='ocrx_word' id='word_1_354' title='bbox 362 3955 544 4017; x_wconf 87' lang='lat' dir='ltr'>potissimum,</span> <span class='ocrx_word' id='word_1_355' title='bbox 569 3961 599 4004; x_wconf 93' lang='lat' dir='ltr'>ut</span> <span class='ocrx_word' id='word_1_356' title='bbox 624 3961 687 4005; x_wconf 89' lang='lat' dir='ltr'>ante</span> <span class='ocrx_word' id='word_1_357' title='bbox 712 3957 759 4006; x_wconf 89' lang='lat' dir='ltr'>SS.</span> <span class='ocrx_word' id='word_1_358' title='bbox 783 3957 990 4006; x_wconf 86' lang='lat' dir='ltr'>Sacramentum</span> <span class='ocrx_word' id='word_1_359' title='bbox 1015 3955 1110 4004; x_wconf 91' lang='lat' dir='ltr'>decem</span> <span class='ocrx_word' id='word_1_360' title='bbox 1139 3955 1237 4004; x_wconf 89' lang='lat' dir='ltr'>saltem</span> 
     </span>
    </p>
   </div>
   <div class='ocr_carea' id='block_1_6' title="bbox 1288 625 1447 849">
    <p class='ocr_par' dir='ltr' id='par_1_11' title="bbox 1288 625 1447 849">
     <span class='ocr_line' id='line_1_41' title="bbox 1307 625 1447 730; baseline 0.007 -58"><span class='ocrx_word' id='word_1_361' title='bbox 1307 625 1447 730; x_wconf 56' lang='lat' dir='ltr'>Exppsitio·</span> 
     </span>
     <span class='ocr_line' id='line_1_42' title="bbox 1288 684 1447 742; baseline -0.013 -10"><span class='ocrx_word' id='word_1_362' title='bbox 1288 697 1327 732; x_wconf 78' lang='lat' dir='ltr'>nes</span> <span class='ocrx_word' id='word_1_363' title='bbox 1370 684 1447 742; x_wconf 81' lang='lat' dir='ltr'>egula·</span> 
     </span>
     <span class='ocr_line' id='line_1_43' title="bbox 1288 743 1418 791; baseline 0 -1"><span class='ocrx_word' id='word_1_364' title='bbox 1288 743 1354 790; x_wconf 80' lang='lat' dir='ltr'>ribus</span> <span class='ocrx_word' id='word_1_365' title='bbox 1364 757 1418 791; x_wconf 77' lang='lat' dir='ltr'>cort-</span> 
     </span>
     <span class='ocr_line' id='line_1_44' title="bbox 1288 814 1371 849; baseline 0.012 -1"><span class='ocrx_word' id='word_1_366' title='bbox 1288 814 1371 849; x_wconf 80' lang='lat' dir='ltr'>cessae.</span> 
     </span>
    </p>
   </div>
   <div class='ocr_carea' id='block_1_7' title="bbox 1285 1244 1442 1670">
    <p class='ocr_par' dir='ltr' id='par_1_12' title="bbox 1286 1244 1442 1428">
     <span class='ocr_line' id='line_1_45' title="bbox 1318 1244 1424 1296; baseline 0.028 -5"><span class='ocrx_word' id='word_1_367' title='bbox 1318 1244 1424 1296; x_wconf 80' lang='lat' dir='ltr'>Privata</span> 
     </span>
     <span class='ocr_line' id='line_1_46' title="bbox 1289 1301 1404 1361; baseline 0.026 -13"><span class='ocrx_word' id='word_1_368' title='bbox 1289 1301 1404 1361; x_wconf 74' lang='lat' dir='ltr'>expositio</span> 
     </span>
     <span class='ocr_line' id='line_1_47' title="bbox 1286 1360 1442 1428; baseline 0.006 -23"><span class='ocrx_word' id='word_1_369' title='bbox 1286 1360 1442 1428; x_wconf 64' lang='lat' dir='ltr'>permittitur,</span> 
     </span>
    </p>

    <p class='ocr_par' dir='ltr' id='par_1_13' title="bbox 1285 1439 1433 1670">
     <span class='ocr_line' id='line_1_48' title="bbox 1319 1439 1420 1501; baseline 0.04 -13"><span class='ocrx_word' id='word_1_370' title='bbox 1319 1440 1383 1501; x_wconf 68' lang='lat' dir='ltr'>Quid</span> <span class='ocrx_word' id='word_1_371' title='bbox 1393 1439 1420 1498; x_wconf 79' lang='lat' dir='ltr'>tii</span> 
     </span>
     <span class='ocr_line' id='line_1_49' title="bbox 1290 1498 1433 1558; baseline 0.007 -13"><span class='ocrx_word' id='word_1_372' title='bbox 1290 1498 1433 1558; x_wconf 76' lang='lat' dir='ltr'>expositione</span> 
     </span>
     <span class='ocr_line' id='line_1_50' title="bbox 1285 1556 1430 1670; baseline 0.055 -8"><span class='ocrx_word' id='word_1_373' title='bbox 1285 1556 1430 1670; x_wconf 60' lang='lat' dir='ltr'>illasii·</span> 
     </span>
    </p>
   </div>
   <div class='ocr_carea' id='block_1_8' title="bbox 1286 1685 1426 1802">
    <p class='ocr_par' dir='ltr' id='par_1_14' title="bbox 1286 1685 1426 1802">
     <span class='ocr_line' id='line_1_51' title="bbox 1286 1685 1426 1802; baseline 0.014 -24"><span class='ocrx_word' id='word_1_374' title='bbox 1286 1685 1426 1802; x_wconf 72' lang='lat' dir='ltr'>itinn</span> 
     </span>
    </p>
   </div>
   <div class='ocr_carea' id='block_1_9' title="bbox 1287 3681 1428 3846">
    <p class='ocr_par' dir='ltr' id='par_1_15' title="bbox 1287 3681 1428 3846">
     <span class='ocr_line' id='line_1_52' title="bbox 1322 3681 1427 3743; baseline 0 -15"><span class='ocrx_word' id='word_1_375' title='bbox 1322 3681 1385 3743; x_wconf 82' lang='lat' dir='ltr'>Quid</span> <span class='ocrx_word' id='word_1_376' title='bbox 1395 3682 1427 3730; x_wconf 83' lang='lat' dir='ltr'>sit</span> 
     </span>
     <span class='ocr_line' id='line_1_53' title="bbox 1287 3739 1428 3846; baseline -0.007 0"><span class='ocrx_word' id='word_1_377' title='bbox 1287 3739 1428 3846; x_wconf 56' lang='lat' dir='ltr'>littae·</span> 
     </span>
    </p>
   </div>
   <div class='ocr_carea' id='block_1_10' title="bbox 147 4013 1300 4076">
    <p class='ocr_par' dir='ltr' id='par_1_16' title="bbox 147 4013 1300 4076">
     <span class='ocr_line' id='line_1_54' title="bbox 147 4013 1300 4076; baseline -0.001 -15"><span class='ocrx_word' id='word_1_378' title='bbox 147 4015 260 4062; x_wconf 89' lang='lat' dir='ltr'>ardeant</span> <span class='ocrx_word' id='word_1_379' title='bbox 269 4016 399 4064; x_wconf 89' lang='lat' dir='ltr'>candelae</span> <span class='ocrx_word' id='word_1_380' title='bbox 409 4030 440 4063; x_wconf 85' lang='lat' dir='ltr'>ex</span> <span class='ocrx_word' id='word_1_381' title='bbox 451 4028 514 4063; x_wconf 89' lang='lat' dir='ltr'>cera</span> <span class='ocrx_word' id='word_1_382' title='bbox 524 4015 652 4070; x_wconf 88' lang='lat' dir='ltr'>candida,</span> <span class='ocrx_word' id='word_1_383' title='bbox 672 4021 702 4062; x_wconf 91' lang='lat' dir='ltr'>ut</span> <span class='ocrx_word' id='word_1_384' title='bbox 712 4014 817 4076; x_wconf 89' lang='lat' dir='ltr'>absque</span> <span class='ocrx_word' id='word_1_385' title='bbox 828 4015 1029 4062; x_wconf 87' lang='lat' dir='ltr'>intermissione</span> <span class='ocrx_word' id='word_1_386' title='bbox 1040 4014 1169 4062; x_wconf 88' lang='lat' dir='ltr'>assistant</span> <span class='ocrx_word' id='word_1_387' title='bbox 1181 4013 1237 4061; x_wconf 89' lang='lat' dir='ltr'>duo</span> <span class='ocrx_word' id='word_1_388' title='bbox 1298 4013 1300 4018; x_wconf 81' lang='grc'>’</span> 
     </span>
    </p>
   </div>
   <div class='ocr_carea' id='block_1_11' title="bbox 147 4071 1236 4533">
    <p class='ocr_par' dir='ltr' id='par_1_17' title="bbox 148 4071 1235 4132">
     <span class='ocr_line' id='line_1_55' title="bbox 148 4071 1235 4132; baseline 0 -14"><span class='ocrx_word' id='word_1_389' title='bbox 148 4071 277 4129; x_wconf 75' lang='grc' dir='ltr'>Κείιιιιοεί</span> <span class='ocrx_word' id='word_1_390' title='bbox 288 4072 429 4132; x_wconf 87' lang='lat' dir='ltr'>genuflexi,</span> <span class='ocrx_word' id='word_1_391' title='bbox 441 4081 470 4120; x_wconf 90' lang='lat' dir='ltr'>ut</span> <span class='ocrx_word' id='word_1_392' title='bbox 480 4085 534 4121; x_wconf 92' lang='lat' dir='ltr'>una</span> <span class='ocrx_word' id='word_1_393' title='bbox 545 4079 652 4121; x_wconf 89' lang='lat' dir='ltr'>tantum</span> <span class='ocrx_word' id='word_1_394' title='bbox 661 4073 740 4120; x_wconf 90' lang='lat' dir='ltr'>detur</span> <span class='ocrx_word' id='word_1_395' title='bbox 748 4072 905 4121; x_wconf 91' lang='lat' dir='ltr'>benedictio</span> <span class='ocrx_word' id='word_1_396' title='bbox 913 4086 976 4120; x_wconf 90' lang='lat' dir='ltr'>curn</span> <span class='ocrx_word' id='word_1_397' title='bbox 987 4073 1034 4121; x_wconf 88' lang='lat' dir='ltr'>SS.</span> <span class='ocrx_word' id='word_1_398' title='bbox 1047 4073 1235 4122; x_wconf 84' lang='lat' dir='ltr'>Sacramento.</span> 
     </span>
    </p>

    <p class='ocr_par' dir='ltr' id='par_1_18' title="bbox 147 4131 1236 4476">
     <span class='ocr_line' id='line_1_56' title="bbox 176 4131 1233 4191; baseline 0.004 -17"><span class='ocrx_word' id='word_1_399' title='bbox 176 4133 187 4164; x_wconf 72' lang='lat'><em>²</em></span> <span class='ocrx_word' id='word_1_400' title='bbox 203 4131 245 4176; x_wconf 89' lang='lat' dir='ltr'>lta</span> <span class='ocrx_word' id='word_1_401' title='bbox 256 4131 282 4178; x_wconf 94' lang='lat' dir='ltr'>S.</span> <span class='ocrx_word' id='word_1_402' title='bbox 296 4132 326 4178; x_wconf 91' lang='lat' dir='ltr'>C.</span> <span class='ocrx_word' id='word_1_403' title='bbox 339 4133 370 4179; x_wconf 86' lang='lat' dir='ltr'>C.</span> <span class='ocrx_word' id='word_1_404' title='bbox 386 4149 411 4188; x_wconf 88' lang='lat'>17</span> <span class='ocrx_word' id='word_1_405' title='bbox 422 4146 483 4191; x_wconf 78' lang='lat' dir='ltr'>aug.</span> <span class='ocrx_word' id='word_1_406' title='bbox 499 4139 562 4188; x_wconf 80' lang='lat'>1630,</span> <span class='ocrx_word' id='word_1_407' title='bbox 575 4131 650 4190; x_wconf 90' lang='lat' dir='ltr'>apud</span> <span class='ocrx_word' id='word_1_408' title='bbox 662 4131 841 4178; x_wconf 88' lang='lat' dir='ltr'>Benedictum</span> <span class='ocrx_word' id='word_1_409' title='bbox 856 4143 900 4178; x_wconf 84' lang='lat' dir='ltr'>xiv</span> <span class='ocrx_word' id='word_1_410' title='bbox 919 4132 1029 4178; x_wconf 82' lang='lat' dir='ltr'>institut.</span> <span class='ocrx_word' id='word_1_411' title='bbox 1042 4143 1128 4177; x_wconf 77' lang='lat' dir='ltr'>canon.</span> <span class='ocrx_word' id='word_1_412' title='bbox 1144 4137 1181 4186; x_wconf 83' lang='lat'>30,</span> <span class='ocrx_word' id='word_1_413' title='bbox 1197 4147 1220 4178; x_wconf 93' lang='grc' dir='ltr'>ιι</span> <span class='ocrx_word' id='word_1_414' title='bbox 1226 4142 1233 4185; x_wconf 87' lang='grc'>;</span> 
     </span>
     <span class='ocr_line' id='line_1_57' title="bbox 149 4187 1236 4250; baseline 0 -16"><span class='ocrx_word' id='word_1_415' title='bbox 149 4187 175 4234; x_wconf 92' lang='lat' dir='ltr'>S.</span> <span class='ocrx_word' id='word_1_416' title='bbox 189 4187 222 4233; x_wconf 91' lang='lat' dir='ltr'>R.</span> <span class='ocrx_word' id='word_1_417' title='bbox 235 4188 265 4234; x_wconf 89' lang='lat' dir='ltr'>C.</span> <span class='ocrx_word' id='word_1_418' title='bbox 289 4195 313 4234; x_wconf 88' lang='lat'>31</span> <span class='ocrx_word' id='word_1_419' title='bbox 327 4189 380 4237; x_wconf 89' lang='lat' dir='ltr'>mai</span> <span class='ocrx_word' id='word_1_420' title='bbox 394 4198 458 4246; x_wconf 82' lang='lat'>1642.</span> <span class='ocrx_word' id='word_1_421' title='bbox 472 4189 553 4246; x_wconf 67' lang='lat' dir='ltr'>(Deir.</span> <span class='ocrx_word' id='word_1_422' title='bbox 566 4190 631 4235; x_wconf 82' lang='lat' dir='ltr'>auti.</span> <span class='ocrx_word' id='word_1_423' title='bbox 646 4203 672 4236; x_wconf 85' lang='lat' dir='ltr'>n.</span> <span class='ocrx_word' id='word_1_424' title='bbox 686 4195 749 4246; x_wconf 82' lang='lat' dir='ltr'>eoo.)</span> <span class='ocrx_word' id='word_1_425' title='bbox 764 4189 845 4250; x_wconf 80' lang='lat' dir='ltr'>Quod</span> <span class='ocrx_word' id='word_1_426' title='bbox 865 4189 1030 4236; x_wconf 89' lang='lat' dir='ltr'>Benedictus</span> <span class='ocrx_word' id='word_1_427' title='bbox 1045 4200 1100 4242; x_wconf 85' lang='lat' dir='ltr'>xiv,</span> <span class='ocrx_word' id='word_1_428' title='bbox 1114 4187 1141 4234; x_wconf 88' lang='lat' dir='ltr'>in</span> <span class='ocrx_word' id='word_1_429' title='bbox 1153 4201 1236 4247; x_wconf 88' lang='lat' dir='ltr'>opere</span> 
     </span>
     <span class='ocr_line' id='line_1_58' title="bbox 148 4243 1233 4309; baseline 0.001 -18"><span class='ocrx_word' id='word_1_430' title='bbox 148 4243 182 4309; x_wconf 79' lang='lat' dir='ltr'>de</span> <span class='ocrx_word' id='word_1_431' title='bbox 192 4243 296 4308; x_wconf 67' lang='lat' dir='ltr'>Syneta</span> <span class='ocrx_word' id='word_1_432' title='bbox 310 4246 326 4309; x_wconf 86' lang='lat' dir='ltr'>l.</span> <span class='ocrx_word' id='word_1_433' title='bbox 339 4263 362 4302; x_wconf 83' lang='lat'>9,</span> <span class='ocrx_word' id='word_1_434' title='bbox 375 4260 399 4294; x_wconf 89' lang='lat' dir='ltr'>c.</span> <span class='ocrx_word' id='word_1_435' title='bbox 413 4253 448 4302; x_wconf 87' lang='grc' dir='ltr'>ι5,</span> <span class='ocrx_word' id='word_1_436' title='bbox 461 4261 488 4293; x_wconf 87' lang='lat' dir='ltr'>n.</span> <span class='ocrx_word' id='word_1_437' title='bbox 505 4267 528 4303; x_wconf 86' lang='lat'>4,</span> <span class='ocrx_word' id='word_1_438' title='bbox 543 4246 603 4305; x_wconf 90' lang='lat' dir='ltr'>ipsa</span> <span class='ocrx_word' id='word_1_439' title='bbox 613 4246 719 4295; x_wconf 91' lang='lat' dir='ltr'>ratione</span> <span class='ocrx_word' id='word_1_440' title='bbox 730 4260 778 4294; x_wconf 87' lang='lat' dir='ltr'>cnr</span> <span class='ocrx_word' id='word_1_441' title='bbox 789 4247 863 4294; x_wconf 91' lang='lat' dir='ltr'>dicat</span> <span class='ocrx_word' id='word_1_442' title='bbox 875 4247 1020 4305; x_wconf 87' lang='lat' dir='ltr'>petendam</span> <span class='ocrx_word' id='word_1_443' title='bbox 1032 4259 1091 4292; x_wconf 91' lang='lat' dir='ltr'>esse</span> <span class='ocrx_word' id='word_1_444' title='bbox 1103 4243 1233 4305; x_wconf 91' lang='lat' dir='ltr'>Episcopi</span> 
     </span>
     <span class='ocr_line' id='line_1_59' title="bbox 149 4301 1235 4367; baseline 0.001 -18"><span class='ocrx_word' id='word_1_445' title='bbox 149 4304 288 4366; x_wconf 83' lang='lat' dir='ltr'>licentram</span> <span class='ocrx_word' id='word_1_446' title='bbox 300 4303 407 4350; x_wconf 84' lang='lat' dir='ltr'>videtur</span> <span class='ocrx_word' id='word_1_447' title='bbox 418 4303 593 4354; x_wconf 85' lang='lat' dir='ltr'>confirmare:</span> <span class='ocrx_word' id='word_1_448' title='bbox 613 4323 622 4350; x_wconf 86' lang='grc' dir='ltr'>ι</span> <span class='ocrx_word' id='word_1_449' title='bbox 636 4305 774 4367; x_wconf 78' lang='lat' dir='ltr'>Quoniam</span> <span class='ocrx_word' id='word_1_450' title='bbox 785 4304 820 4352; x_wconf 89' lang='lat' dir='ltr'>ad</span> <span class='ocrx_word' id='word_1_451' title='bbox 833 4305 880 4353; x_wconf 87' lang='lat' dir='ltr'>SS.</span> <span class='ocrx_word' id='word_1_452' title='bbox 893 4303 1086 4351; x_wconf 89' lang='lat' dir='ltr'>Eucharistiae</span> <span class='ocrx_word' id='word_1_453' title='bbox 1102 4301 1235 4362; x_wconf 83' lang='lat' dir='ltr'>majorem</span> 
     </span>
     <span class='ocr_line' id='line_1_60' title="bbox 147 4359 1234 4466; baseline 0.001 -59"><span class='ocrx_word' id='word_1_454' title='bbox 147 4367 350 4466; x_wconf 56' lang='lat' dir='ltr'>veneratttonem</span> <span class='ocrx_word' id='word_1_455' title='bbox 360 4361 473 4418; x_wconf 83' lang='lat' dir='ltr'>confert,</span> <span class='ocrx_word' id='word_1_456' title='bbox 486 4375 520 4410; x_wconf 89' lang='lat' dir='ltr'>ne</span> <span class='ocrx_word' id='word_1_457' title='bbox 533 4361 635 4422; x_wconf 88' lang='lat' dir='ltr'>passim</span> <span class='ocrx_word' id='word_1_458' title='bbox 643 4372 669 4411; x_wconf 87' lang='lat' dir='ltr'>et</span> <span class='ocrx_word' id='word_1_459' title='bbox 679 4363 738 4412; x_wconf 88' lang='lat' dir='ltr'>sine</span> <span class='ocrx_word' id='word_1_460' title='bbox 750 4376 834 4412; x_wconf 88' lang='lat' dir='ltr'>causa</span> <span class='ocrx_word' id='word_1_461' title='bbox 841 4361 948 4422; x_wconf 66' lang='lat' dir='ltr'>publicae</span> <span class='ocrx_word' id='word_1_462' title='bbox 954 4360 1061 4422; x_wconf 75' lang='lat' dir='ltr'>fidelium</span> <span class='ocrx_word' id='word_1_463' title='bbox 1078 4359 1234 4409; x_wconf 88' lang='lat' dir='ltr'>adorationi</span> 
     </span>
     <span class='ocr_line' id='line_1_61' title="bbox 147 4432 362 4476; baseline -0.023 -10"><span class='ocrx_word' id='word_1_464' title='bbox 147 4432 253 4476; x_wconf 89' lang='lat' dir='ltr'>expona</span> <span class='ocrx_word' id='word_1_465' title='bbox 268 4433 338 4470; x_wconf 89' lang='lat' dir='ltr'>ur....</span> <span class='ocrx_word' id='word_1_466' title='bbox 354 4435 362 4461; x_wconf 88' lang='grc' dir='ltr'>ι</span> 
     </span>
    </p>

    <p class='ocr_par' dir='ltr' id='par_1_19' title="bbox 176 4476 797 4533">
     <span class='ocr_line' id='line_1_62' title="bbox 176 4476 797 4533; baseline 0.003 -9"><span class='ocrx_word' id='word_1_467' title='bbox 176 4481 187 4511; x_wconf 79' lang='lat'><strong>³</strong></span> <span class='ocrx_word' id='word_1_468' title='bbox 202 4477 232 4524; x_wconf 93' lang='lat' dir='ltr'>C.</span> <span class='ocrx_word' id='word_1_469' title='bbox 246 4477 304 4524; x_wconf 82' lang='lat' dir='ltr'>Cum</span> <span class='ocrx_word' id='word_1_470' title='bbox 315 4482 339 4523; x_wconf 85' lang='lat' dir='ltr'>nt</span> <span class='ocrx_word' id='word_1_471' title='bbox 351 4481 415 4533; x_wconf 74' lang='lat' dir='ltr'>recte,</span> <span class='ocrx_word' id='word_1_472' title='bbox 429 4481 454 4523; x_wconf 88' lang='lat' dir='ltr'>et</span> <span class='ocrx_word' id='word_1_473' title='bbox 465 4476 579 4527; x_wconf 85' lang='lat' dir='ltr'>citatum</span> <span class='ocrx_word' id='word_1_474' title='bbox 591 4479 665 4528; x_wconf 88' lang='lat' dir='ltr'>decr.</span> <span class='ocrx_word' id='word_1_475' title='bbox 681 4480 707 4527; x_wconf 88' lang='lat' dir='ltr'>S.</span> <span class='ocrx_word' id='word_1_476' title='bbox 722 4480 744 4528; x_wconf 93' lang='lat' dir='ltr'>C</span> <span class='ocrx_word' id='word_1_477' title='bbox 767 4480 797 4527; x_wconf 92' lang='lat' dir='ltr'>C.</span> 
     </span>
    </p>
   </div>
   <div class='ocr_carea' id='block_1_12' title="bbox 0 0 1586 5014">
    <p class='ocr_par' dir='ltr' id='par_1_20' title="bbox 0 0 1586 5014">
     <span class='ocr_line' id='line_1_63' title="bbox 0 0 1586 5014; baseline 0 0"><span class='ocrx_word' id='word_1_478' title='bbox 0 0 1586 5014; x_wconf 95' lang='lat' dir='ltr'> </span> 
     </span>
    </p>
   </div>
  </div>
 </body>
</html>
