3142 5004
122 453 305 534 [383-385]
339 477 375 510 ua
390 475 547 512 rarvrarroro
563 474 748 511 excursionis
763 474 799 510 ar
815 475 971 513 eoruscare
987 477 1107 513 sersaoni
1150 455 1210 518 ἓξὲξ)

160 633 192 692 4.
208 609 338 691 Adjecta
359 609 504 672 instituta
528 629 614 690 quae
637 609 791 671 caritatis
815 609 973 691 operibus
990 611 1206 692 deputantur,
1270 615 1423 684 'lanariam

120 697 334 774 ut'gynecea,
362 691 665 777 orphanotrophia,
679 691 829 770 scholae,
843 691 1002 775 Episcopi
1015 692 1208 772 vigilantiae
1264 678 1384 723 ‘mmm‘

120 777 275 856 subsunt,
289 776 377 858 quod
390 781 521 857 spectat
535 776 576 837 ad
590 774 758 855 religionis
772 774 977 855 magisteria,
995 776 1208 838 honestatem

119 878 263 937 morum,
287 858 545 922 exercitationes
572 856 719 940 pietatis,
745 877 920 920 sacrorum
947 857 1208 920 administratio·

120 961 208 1020 nem,
227 941 365 1023 integris
378 939 560 1022 priVilegiis
573 959 658 1021 quae
673 939 833 1020 collegiis,
851 940 988 1018 scholis,
1003 940 1207 1004 institutisve

119 1024 305 1087 istiusmodi
320 1045 340 1086 a
358 1025 444 1088 Sede
465 1023 658 1105 Apostolica
685 1021 752 1084 sint
779 1023 918 1084 tributa.
936 1023 1019 1086 Ibid.
1038 1044 1071 1086 n.
1088 1039 1121 1086 x.
1144 1023 1207 1086 His

116 1107 249 1189 juribus
264 1113 314 1169 est
327 1105 536 1190 potissimum
554 1107 586 1168 in
602 1104 797 1167 visitatione
819 1105 993 1168 utendum.
1010 1106 1093 1170 Ibid.
1108 1127 1142 1169 n.
1160 1124 1205 1169 xr.

160 1209 191 1270 5.
220 1190 334 1256 Visitat
348 1191 537 1272 Episcopus
554 1189 690 1270 templa,
709 1189 874 1266 sacraria,
892 1189 1041 1251 oratoria
1060 1189 1204 1268 publica,
1267 1253 1270 1259 ,
1291 1195 1422 1262 Εήῑεσοθί,

118 1274 213 1335 sedes
230 1275 271 1337 ad
287 1281 538 1336 sacramentum
550 1269 795 1354 paenitentiae;
815 1277 848 1332 et
865 1272 904 1333 de
920 1271 960 1334 iis
977 1271 1096 1334 statuit
1121 1291 1207 1353 quae
1256 1251 1421 1357 {2⁵j}{-‡,‘,‘}⁷,²d⁸

118 1357 494 1439 videnturopportuna.
1224 1413 1227 1420 .
1261 1381 1326 1420 sum,-

160 1445 189 1501 6.
215 1441 397 1502 Praeterea
413 1439 445 1502 in
462 1436 629 1500 Institutis
651 1434 805 1498 laicorum
821 1435 958 1516 inquirit
976 1462 990 1491 r
1010 1456 1091 1499 num
1108 1435 1205 1498 disci·
1264 1444 1419 1493 Nominatus

118 1521 207 1602 plina
223 1522 265 1584 ad
290 1523 401 1603 legum
427 1540 580 1582 normam
597 1518 722 1600 vigeat,
740 1539 821 1580 num
840 1518 917 1598 quid
934 1538 1033 1582 sacra
1050 1518 1205 1581 doctrina
1258 1502 1421 1608 timinam

120 1622 294 1664 morumve
310 1603 461 1686 probitas
478 1601 668 1665 detrimenti
685 1601 823 1684 ceperit,
842 1622 921 1664 num
937 1607 1056 1664 contra
1072 1602 1205 1663 clausu·
1261 1633 1323 1666 runi.

120 1704 191 1745 ram
204 1696 393 1765 peccatum,
408 1705 488 1746 num
501 1691 715 1746 sacramenta
727 1691 1005 1765 aequastataque
1018 1683 1206 1766 frequentia

119 1767 365 1848 suscipiantur:
381 1795 394 1823 >
412 1767 538 1830 Ibidem
555 1787 588 1828 n.
602 1783 649 1829 xr.

160 1869 190 1930 7.
207 1851 244 1912 In
259 1867 291 1911 re
306 1869 375 1912 nero
399 1848 599 1926 oeconomica,
616 1868 682 1910 non
700 1850 873 1929 cognoscit
890 1849 1089 1912 Ordinarius
1112 1875 1125 1904 r
1142 1849 1204 1911 nisi
1265 1925 1269 1932 ι
1290 1865 1402 1933 Episcopi

120 1931 160 1993 de
179 1932 358 1994 fundorum
371 1933 601 2013 legatorumve
614 1931 906 1994 administratione
918 1951 1002 2011 quae
1019 1932 1124 1994 sacris
1138 1933 1205 1994 sInt
1254 1939 1295 1984 Μ
1318 1937 1344 2026 {t
1362 1928 1419 2001 'rem-

120 2015 298 2092 attributa,
316 2017 370 2076 vel
392 2015 457 2077 loci
480 2021 538 2077 aut
561 2013 722 2076 dioecesis
745 2013 863 2075 incolis
883 2014 1042 2094 juvandis
1060 2040 1088 2093 >›,
1107 2035 1128 2076 n
1157 2030 1204 2076 xr.
1257 1990 1315 2042 pm
1329 1994 1363 2031 m,

120 2098 193 2159 Imo
209 2098 237 2160 si
253 2097 413 2160 Instituta
430 2098 496 2160 sint
523 2097 703 2173 clericalia,
732 2096 772 2158 de
800 2095 846 2156 eis
874 2104 1006 2158 tantum
1035 2095 1131 2158 bonis
1154 2106 1206 2158 est

120 2180 293 2262 Episcopo
308 2179 396 2242 ratio
420 2179 588 2242 reddenda
604 2199 690 2258 quae
711 2185 825 2239 certae
845 2177 957 2240 domui
973 2178 1100 2240 tributa
1116 2180 1206 2258 lega·

119 2271 197 2324 tave
232 2265 299 2325 sint
328 2263 371 2324 ad
399 2261 462 2325 Dei
494 2264 620 2323 cultum
650 2260 949 2323 beneficentiamve
986 2281 1019 2322 eo
1046 2261 1112 2342 ipso
1141 2259 1205 2322 loco

119 2344 387 2427 impendendam.
410 2345 548 2422 Ibidem,
573 2364 606 2405 n.
634 2361 679 2419 rx,
705 2344 781 2406 coll.
804 2359 850 2405 xr.

161 2434 191 2491 8.
210 2429 306 2511 Quod
321 2428 362 2489 ad
379 2426 603 2505 correctionem,
618 2427 824 2508 priusquam
841 2425 975 2509 ipseper
990 2445 1020 2487 se
1036 2426 1203 2502 consulat,
1265 2493 1269 2500 ,
1289 2434 1402 2502 Eprsmpr

118 2509 275 2573 sollicitet
291 2511 497 2592 diligentiam
518 2510 785 2573 moderatorum.
804 2510 841 2571 In
858 2510 958 2571 rebus
976 2509 1112 2592 majoris
1136 2528 1205 2571 mo·
1254 2505 1420 2598 ppcorrrgm-

118 2593 220 2656 menti
237 2614 295 2675 per
310 2615 345 2656 se
361 2594 516 2656 adeunda
532 2603 584 2656 est
600 2593 635 2657 S.
654 2592 760 2672 Cong.
778 2593 850 2655 EE.
868 2598 902 2655 et
917 2594 991 2656 RR.

160 2678 257 2760 Quod
272 2678 300 2740 si
323 2697 377 2739 res
401 2697 469 2739 non
494 2679 644 2758 patiatur
660 2694 802 2740 moram.
829 2681 942 2757 potest
958 2673 1073 2737 statim
1091 2674 1205 2737 decer·

120 2779 211 2837 nere,
228 2760 286 2821 sed
303 2761 475 2822 decretum
491 2759 621 2822 deferre
648 2758 747 2820 debet
773 2759 815 2819 ad
843 2759 878 2822 S.
904 2759 943 2823 C.
967 2760 1039 2821 EE.
1069 2763 1102 2820 et
1131 2758 1204 2822 RR.

118 2842 256 2918 Ibidem,
282 2863 315 2903 n.
340 2860 384 2904 xt.

159 2944 189 3000 9.
205 2924 252 2982 De
268 2924 497 3002 praestantiore
513 2925 642 2987 nullum
659 2923 732 2985 istis
746 2922 913 2985 Institutis
924 2925 980 3002 per
995 2944 1026 2984 se
1043 2923 1203 3005 competit
1291 2939 1354 3000 Quin
1366 2937 1392 2986 m

119 3004 328 3148 ppivilegium
358 3023 423 3084 quo
453 3013 656 3086 potestatem
688 3005 845 3088 Episcopi
872 3006 1040 3068 declinare
1065 3013 1202 3086 queant.
1261 3003 1383 3104 J,³{,‘},‘,⁸i'‘“‘

136 3086 190 3148 Τ.
216 3106 249 3148 n.
271 3101 347 3164 372,
371 3109 402 3148 2.
1329 3090 1334 3104 ·

243 3260 258 3349 ξ
276 3274 313 3354 4.
325 3252 404 3332 ‘De
426 3251 833 3357 Corrgregatr'onibas
851 3251 1078 3332 rnat'r'erarn

159 3430 249 3495 385.
267 3432 415 3491 Summa
427 3429 562 3506 jurium
580 3429 762 3506 Episcopi·
780 3430 922 3491 Praeter
938 3447 978 3491 ea
993 3427 1105 3490 omnia
1119 3448 1204 3509 quae
1288 3442 1335 3510 Jas
1346 3443 1414 3502 Epis·

119 3511 300 3574 dictasunt
317 3513 358 3573 de
374 3512 542 3573 Institutis
560 3513 710 3573 virorum
730 3512 914 3574 laicorum:
1259 3504 1308 3560 ‘⁰17⁸

163 3617 190 3657 1.
214 3596 407 3677 Episcopus
426 3595 578 3674 explorat
600 3591 786 3655 votrratatem
803 3592 980 3674 puellarum
1003 3598 1081 3655 ante
1099 3594 1204 3657 susci·
1263 3614 1416 3661 exanima.

120 3677 274 3759 piendum
301 3677 455 3739 habitum
483 3685 516 3738 et
542 3676 785 3758 professionem
817 3676 1048 3742 emittendam.
1083 3675 1201 3741 Const.
1258 3671 1393 3732 armerum

119 3760 268 3822 Conditae
284 3781 303 3821 a
319 3757 454 3829 carisio,
474 3779 502 3821 c.
522 3782 551 3836 2,
571 3780 604 3822 n.
624 3775 645 3820 1.

160 3864 190 3904 2.
209 3844 259 3904 Ad
273 3863 431 3905 mimeram
443 3841 683 3924 assignationem
694 3841 893 3926 Episcopus,
904 3842 1045 3905 utSedis
1060 3843 1203 3924 Aposlo-
1258 3837 1280 3884 P
1283 3835 1415 3938 raespnmm

118 3924 202 3986 licae
218 3926 403 4004 delegatus,
421 3945 532 4008 perse
548 3927 601 3987 vel
618 3944 676 4006 per
699 3924 800 3986 alium
822 3935 956 4006 praeest
973 3924 1203 3989 Conventibus
1257 3899 1385 3998 iiim

119 4027 179 4068 seu
196 4007 350 4088 capitulis
367 4027 452 4086 quae
468 4009 501 4070 in
515 4027 577 4069 sua
592 4005 746 4070 Dioecesi
763 4007 943 4069 habentur.
964 4007 1047 4070 Ibid.
1065 4030 1098 4072 n.
1115 4026 1139 4072 1.
1258 4012 1401 4093 assignam-

161 4109 191 4166 3.
209 4089 306 4171 Quod
322 4089 364 4151 ad
375 4091 647 4171 praestantiorem,
664 4088 847 4169 requiritur
859 4090 993 4152 licentia
1009 4090 1203 4154 Ordinario·
1258 4082 1388 4173 '¹²p„„„·,‚

120 4189 195 4232 rum
222 4184 291 4232 tarn
314 4172 379 4233 loci
405 4173 605 4235 residentiae
633 4192 732 4253 quam
755 4172 818 4234 loci
842 4173 874 4234 in
891 4192 956 4252 quo
972 4173 1204 4255 eleemosynas
1259 4184 1415 4251 reanimare-

118 4254 309 4333 quaeritare
329 4256 441 4331 velint,
464 4262 565 4335 atque
589 4255 783 4316 observatio
807 4256 950 4317 aliorum
967 4274 1052 4335 quae
1068 4256 1204 4319 delinita
1258 4247 1395 4288 rmrroma.

119 4343 197 4397 sunt
214 4338 350 4399 decreto
368 4337 403 4399 S.
423 4338 461 4400 C.
478 4340 551 4401 EE.
569 4345 602 4400 et
618 4339 692 4401 RR.
710 4359 747 4418 27
765 4346 864 4400 mart.
885 4343 974 4419 1896.
992 4338 1073 4402 Ibid.
1092 4355 1203 4403 mvn.

120 4419 189 4483 Clr.
202 4419 345 4498 A.S.S.,
363 4425 388 4481 t.
401 4441 447 4501 17,
462 4440 494 4502 p.
509 4440 567 4502 555
582 4441 645 4502 sq.,
660 4424 714 4484 vel
727 4429 945 4484 monumenta
957 4422 1095 4485 alterius
1109 4423 1203 4486 tomI.
