3148 5004
144 453 324 534 [105409]
443 476 480 510 nis
495 475 638 510 nnicsunn
654 473 732 510 noiio
748 473 934 510 neeuinniun
1195 451 1235 514 67

187 613 275 679 108.
303 614 506 690 Appellatio
529 631 550 673 a
575 611 744 687 sententia
761 612 929 691 Episcopi
946 611 1046 674 datur
1061 610 1104 673 ad
1121 611 1157 673 8.
1176 611 1235 674 Se-

143 695 229 773 dem,
257 695 279 758 i.
304 715 335 759 e.
362 695 404 756 ad
428 695 463 759 S.
482 694 789 776 Congregationem
805 694 1051 776 Episcoporum
1074 700 1108 756 et
1123 695 1235 774 Regu·

144 777 277 840 larium.

185 860 305 935 Porr0,
322 859 350 920 si
366 859 465 923 venia
481 859 582 922 fuerit
599 865 772 937 concessa,
789 857 1005 941 appellationi
1020 857 1084 921 erit
1096 857 1235 921 effectus

143 942 347 1024 suspensivus
380 961 446 1022 quo
475 942 587 1005 factae
616 942 736 1004 veniae
765 943 874 1016 virtus
906 950 1041 1004 tenetur
1071 961 1236 1024 suspensa

145 1024 251 1088 donec
267 1025 303 1088 S.
322 1024 425 1087 Sedes
449 1045 510 1086 sua
533 1025 737 1088 auctoritate
761 1024 934 1088 diremerit
953 1025 1235 1087 controversiam.

145 1109 197 1169 Ita
222 1107 287 1170 lert
312 1125 425 1170 reruni
451 1114 574 1171 natura
597 1117 630 1170 et
653 1107 795 1171 edicitur
812 1108 850 1171 C.
869 1107 1035 1190 Quoniam,
1053 1105 1235 1169 Clementis

145 1207 221 1254 v.1i.

388 1313 432 1377 ΙΙ.
457 1288 509 1376 De
532 1315 765 1392 Beneplaeito
788 1313 988 1392 apostolico

190 1469 275 1532 109.
292 1469 433 1532 Praeter
453 1469 600 1552 episcopi
629 1469 774 1540 veniam.
800 1469 925 1549 requiri
953 1468 996 1530 ad
1020 1463 1147 1549 siuguio
1172 1465 1235 1526 eri·

142 1549 244 1630 gendo
260 1553 465 1615 monasteria
482 1553 632 1614 virorum
648 1552 894 1632 beneplacitum
909 1549 1142 1632 apostolicum,
1167 1567 1235 1610 non

145 1630 260 1694 eadem
277 1635 309 1694 vi
326 1634 497 1696 rationum
512 1634 552 1696 de
575 1634 729 1696 omnibus
753 1635 941 1696 affirmatur
956 1632 1038 1696 locis
1051 1638 1085 1695 et
1101 1651 1235 1694 monas·

146 1713 252 1775 teriis
270 1715 405 1777 Etenim
423 1738 430 1778 :

191 1817 219 1858 i.
250 1797 286 1858 id
309 1796 413 1877 liquet
438 1798 471 1860 iu
501 1798 675 1880 regionibus
701 1799 734 1860 iu
759 1798 868 1880 quibus
892 1797 974 1880 vigei
1008 1797 1047 1860 C.
1078 1798 1236 1860 Rouienos

146 1877 310 1958 Pontifices
341 1886 430 1958 1881,
459 1880 480 1944 i.
505 1881 592 1960 ein
616 1883 748 1961 Anglia,
777 1883 810 1943 in
833 1879 1049 1944 Missionibus
1075 1881 1235 1962 subjectis

146 1959 183 2023 8.
202 1960 241 2025 C.
259 1963 360 2044 Prop.
378 1963 483 2040 Fidei,
511 1963 544 2026 in
572 1965 767 2026 Foederatis
784 1963 936 2026 Statibus
960 1962 1138 2025 Americae
1154 1963 1235 2045 Sep·

146 2045 373 2121 tentrionaiis‚
388 2047 421 2108 in
435 2046 610 2108 Americae
622 2047 746 2108 latinae
760 2046 924 2127 partibus
938 2046 975 2106 In
986 2043 1236 2107 Constitutione

147 2125 234 2189 enim
260 2127 326 2190 ista
352 2129 555 2205 declaratur,
588 2128 721 2190 subiato
752 2129 899 2208 quolibet
936 2125 1107 2188 contrario
1130 2127 1235 2209 jure:

150 2235 162 2263 «
188 2209 366 2272 Sodalibus
394 2211 559 2290 religiosis
584 2231 690 2272 novas
720 2212 782 2273 sibi
808 2211 903 2272 sedes
930 2209 1147 2284 constituere,
1172 2209 1236 2270 nisi

148 2290 286 2352 obtenta
316 2293 411 2374 prius
435 2313 594 2374 expressa
620 2293 756 2356 lieentia
785 2291 952 2355 Ordinarii
983 2291 1047 2354 ioci
1077 2297 1110 2351 et
1141 2290 1236 2352 Sedis

149 2374 367 2454 apostolicae.
386 2395 452 2437 non
470 2377 582 2440 licere.
603 2404 616 2432 »
1191 2437 1193 2440 .

189 2477 220 2518 2.
237 2457 441 2520 Formaiitei·
457 2459 543 2520 idem
559 2455 703 2540 exigitur
718 2459 752 2520 iu
774 2457 870 2520 Iiuiiu
893 2463 920 2518 ei
938 2454 1049 2518 iusuiis
1065 2455 1236 2537 adjecenti-

147 2536 212 2615 iuis,
231 2535 269 2602 C.
286 2540 521 2614 Iusiuiuundoe,
539 2543 726 2604 innocentii
741 2559 774 2618 x,
789 2564 827 2618 22
843 2540 974 2604 octobr.
994 2545 1071 2618 1652
1088 2539 1110 2602 ¹.

189 2643 219 2700 3.
237 2622 334 2704 Quod
350 2624 391 2685 ad
407 2623 539 2686 Ordines
556 2624 769 2693 mendicantes,
789 2625 844 2704 qni
862 2624 926 2686 hoc
942 2626 1017 2686 loco
1031 2621 1236 2702 intelligendi

147 2711 226 2765 sunt
239 2705 259 2768 ii
272 2705 447 2768 dumtaxat
460 2708 515 2788 qui
528 2709 629 2770 etiam
642 2717 717 2790 post
729 2707 1004 2771 C.Tridentinum
1015 2705 1236 2786 prohibentur

147 2786 273 2852 habere
297 2789 447 2851 redditus
463 2799 522 2852 aut
539 2793 768 2872 possessiones
791 2792 815 2864 ²,
835 2789 1018 2851 necessitas
1036 2788 1236 2868 beneplaciti

148 2871 322 2950 apostolici
355 2873 485 2934 eruitur
520 2893 607 2937 exc.
626 2874 850 2953 Religionum,
877 2872 987 2948 unico,
1003 2872 1052 2932 De
1082 2869 1236 2952 religiosis

122 3019 125 3028 ¹
148 2949 287 3012 domibus
298 2953 330 3014 iu
346 2958 364 3015 6
381 2955 444 3032 (iii.
464 2959 513 3032 17)
529 2963 562 3016 et
575 2975 605 3018 c.
620 2956 704 3018 Cuni
721 2977 761 3017 ex
773 2977 825 3032 e0,
839 2956 888 3016 De
903 2953 1069 3016 excessibus
1080 2952 1236 3034 praelato-

147 3050 229 3110 ruiu,
258 3035 291 3096 in
315 3035 346 3097 6⁰
362 3039 409 3113 (v.
427 3040 458 3112 6)
475 3038 663 3100 Verisimile
679 3045 792 3100 tamen
809 3045 860 3101 est
876 3037 953 3099 huic
964 3038 1034 3119 juri
1050 3055 1123 3098 esse
1140 3037 1236 3098 dero-

148 3122 265 3196 gatum
295 3136 354 3198 per
381 3118 420 3181 C.
447 3118 635 3181 Tridentini
666 3141 694 3183 s.
725 3139 776 3200 25,
809 3141 838 3182 e.
867 3141 883 3198 3
914 3120 963 3180 De
991 3121 1070 3200 Reg.
1099 3117 1236 3198 exigens

148 3199 318 3262 licentiam
333 3199 503 3282 Episcopi.
518 3201 589 3265 Cir.
603 3203 784 3280 Passenni,
805 3203 827 3266 l.
845 3222 875 3264 c.
893 3222 926 3264 n.
947 3223 981 3280 13
998 3221 1049 3282 sq.

162 3329 275 3338 —.

152 3428 155 3433 -
179 3392 335 3444 ¹Observes
350 3394 431 3454 hujus
450 3397 547 3443 Bullae
565 3399 576 3452 5
597 3401 609 3443 5
628 3394 656 3442 in
675 3393 728 3441 fine
747 3393 786 3441 ita
798 3391 940 3448 legendam
953 3404 1028 3440 esse:
1043 3408 1052 3436 i
1066 3390 1238 3438 intendimus

148 3459 240 3503 autem
252 3453 280 3500 in
291 3454 449 3512 praemissis
466 3454 550 3501 etiam
566 3453 638 3500 ultra
655 3452 763 3500 Italiam
782 3457 808 3498 et
819 3450 922 3499 insulas
933 3449 1089 3508 adjacentes
1097 3453 1166 3554 graui
1177 3455 1239 3514 espe-

149 3509 200 3556 dire
210 3509 346 3569 uiderimus,
359 3513 504 3568 providere
524 3528 533 3555 i
547 3510 603 3560 Cir.
618 3513 648 3558 B.
663 3512 696 3558 R.
717 3517 736 3558 t.
754 3519 777 3563 6,
789 3524 816 3569 p.
830 3526 852 3564 2,
865 3522 891 3566 p.
904 3514 959 3562 235:
974 3508 1012 3554 M.
1029 3507 1060 3554 B.
1073 3507 1096 3554 C
1117 3505 1236 3562 erubini‚

149 3575 168 3616 t.
186 3573 208 3622 5,
225 3582 251 3626 p.
271 3577 330 3626 483;
351 3570 473 3628 Fagnani
496 3569 524 3617 iii
546 3571 577 3618 C.
601 3571 740 3623 Relatum,
759 3569 797 3615 Ne
814 3567 893 3614 cleriei
911 3566 945 3612 oei
963 3566 1082 3620 mouuciii,
1103 3580 1130 3612 ii.
1150 3573 1236 3624 46-60;

149 3625 259 3681 Lucidi,
282 3634 301 3674 t.
322 3641 363 3682 ιιι,
384 3642 411 3687 p.
432 3637 484 3684 431.
508 3627 635 3692 Namque
657 3627 790 3683 Ferraris,
809 3640 835 3672 v.
850 3625 981 3672 Conventus
996 3630 1047 3671 art.
1069 3641 1089 3679 1,
1113 3638 1139 3670 n.
1159 3631 1239 3683 6pro

1312 614 1453 694 'appetuni

1290 705 1306 738 u
1336 695 1454 741 sententia

1290 749 1414 811 Episcopi.

1315 1481 1450 1529 Necessitas

1291 1539 1427 1598 beneplaciti

1292 1598 1424 1662 apostolici.

1306 1819 1338 1867 in
1347 1821 1451 1879 regioni·

1291 1878 1333 1924 ius
1355 1881 1451 1926 missio·

1291 1949 1357 1985 num.

1290 2469 1451 2576 iiaiiiiertibm

1319 2640 1372 2687 Pro
1399 2654 1448 2687 mo·

1290 2699 1405 2746 austeriis

1290 2755 1425 2804 mendicen-

1292 2815 1360 2862 tium.

148 3684 277 3730 viderimus
297 3685 414 3744 subjecit
435 3687 551 3737 videmus:
573 3700 601 3733 iii
619 3693 685 3732 nota
705 3693 798 3732 autem
817 3681 939 3730 Bizzarri
961 3697 988 3742 p.
1005 3690 1047 3738 782
1065 3680 1151 3729 verba
1168 3688 1239 3742 prout
1332 3721 1335 3728 .

148 3741 252 3800 expedire
269 3743 396 3791 uiderimus
414 3753 476 3792 sunt
494 3757 649 3802 suppressa.
669 3744 759 3802 Atque
778 3743 816 3790 ita
836 3739 867 3788 fit
886 3748 914 3806 ιιι
934 3741 1021 3806 iocus,
1041 3737 1089 3787 ubi
1110 3739 1239 3789 Pontifex

149 3813 222 3847 mere
240 3801 332 3859 prodit
348 3804 499 3849 intentionem
515 3801 678 3860 disponendi
697 3815 747 3858 pto
764 3801 826 3848 aliis
852 3797 1018 3859 regionibus,
1047 3797 1177 3864 afferatur
1202 3799 1238 3847 ad

149 3855 321 3962 gogianqam
337 3860 569 3908 Constitutionem
588 3859 668 3907 istam
679 3873 709 3906 re
727 3873 791 3907 vera
800 3857 857 3918 jam
876 3857 911 3905 ad
928 3857 1086 3905 universum
1101 3865 1239 3916 pertinere

178 3929 190 3961 r
213 3930 271 3964 ein.

178 3973 255 4022 teir.
275 3974 315 4021 Fa
334 3973 398 4023 nani
419 3975 447 4022 in
463 3977 494 4024 C.
513 3976 576 4022 Non
594 3973 714 4034 amplius
733 3975 769 4021 De
780 3975 974 4022 institutionibus
990 3974 1039 4027 iiii.
1052 3986 1083 4029 7.
1097 3971 1239 4020 Immerito

150 4029 244 4095 itaque
255 4032 298 4079 lli.
317 3989 351 4079 i).
364 4033 492 4088 Aichner,
506 4048 532 4092 p.
551 4041 603 4091 469,
616 4040 681 4080 nota
692 4049 714 4089 7,
730 4032 795 4080 huic
805 4041 884 4091 putat
895 4031 946 4090 legi
959 4030 1091 4096 obnoxios
1102 4037 1238 4095 quotquot

149 4101 182 4134 ex
192 4102 333 4154 primaeva
345 4089 517 4138 institutione
536 4091 572 4138 ad
592 4090 780 4138 mendicantes
790 4087 976 4137 ascribuntur.
990 4090 1012 4136 ii
1025 4099 1106 4146 porro
1137 4101 1164 4134 ui
1176 4093 1238 4146 post

150 4147 180 4194 C.
211 4147 403 4195 Tridentinum
430 4162 603 4196 communem
630 4149 792 4207 profitentur
839 4153 1009 4205 aupertatem
1033 4151 1098 4192 sunt
1151 4153 1238 4192 ratres

150 4202 272 4252 Minores
291 4213 367 4262 ttuiic
384 4205 450 4253 dicti
468 4206 502 4254 de
522 4205 723 4270 Obseruantia),
746 4206 801 4270 ΡΒ,
818 4162 969 4263 Capuccini
987 4211 1013 4251 et
1030 4203 1153 4267 Societas
1173 4201 1238 4255 Jesu

149 4261 224 4366 quod
242 4262 278 4310 ad
294 4262 389 4311 domos
407 4263 544 4323 professas
560 4269 592 4314 et.
604 4263 767 4311 residentias
783 4261 1005 4327 independentes.
1015 4288 1050 4326 .-
1066 4261 1154 4308 Simul
1163 4264 1240 4316 patet

160 4320 218 4367 also
229 4333 246 4367 a
257 4319 384 4379 pluribus
394 4321 459 4381 poni
471 4329 573 4368 statum
585 4321 763 4380 quaestionis.
775 4334 853 4379 quasi
866 4318 918 4383 liqc
930 4332 957 4365 in
975 4330 1141 4382 universum¹
1149 4329 1239 4376 agere-

149 4385 195 4442 tur
212 4387 304 4426 utrum
324 4379 581 4427 necneTridentina
599 4379 727 4444 Synodiis
745 4379 916 4441 derogaverit
931 4375 987 4434 juri
1009 4387 1153 4436 superiori,
1171 4374 1238 4422 dum

149 4440 233 4483 etiam
244 4437 278 4484 de
287 4445 363 4485 recta
371 4436 513 4498 quaeritur
523 4435 605 4496 hujus
613 4450 683 4494 Juris
695 4441 929 4494 interpretatione.
