3142 5004
153 385 337 463 [287·289]
413 405 449 440 ou
465 405 696 441 oacrcarronruus
712 402 848 440 necrorosr
865 404 992 439 rnoressr
1182 379 1241 442 l69

191 523 224 618 Ι3.
242 539 351 617 Caeca,
379 541 523 603 discreta
548 548 673 617 tamen,
701 559 798 620 quae,
827 559 893 621 quo
920 541 962 603 sit
989 539 1175 622 promptior
1204 546 1238 601 et
1318 545 1453 625 ‚Caecatu-

152 624 309 701 alacrior,
327 623 473 686 abstinet
496 623 725 686 examinandis
753 622 953 700 rationibus,
983 624 1016 685 in
1044 621 1096 684 his
1125 628 1238 684 tamen
1295 603 1410 656 discreta.

152 703 237 786 quae
246 706 316 787 jam
329 706 462 769 aliunde
476 705 722 788 perspiciuntur
740 726 813 768 esse
830 707 991 779 honesta3
1007 710 1040 767 et
1055 703 1235 782 indiscreta,

152 789 242 854 dicta
258 789 359 851 etiam
376 809 489 863 caeca,
508 809 593 868 quae
608 790 721 851 obedit
736 789 837 851 etiam
853 789 886 850 in
903 788 1037 851 illicitis.
1061 855 1063 858 ,

194 895 225 953 4.
257 872 416 933 Promissa
441 874 494 934 vel
510 872 623 934 debita
645 870 741 934 altero
766 870 878 934 titulo:
901 892 941 934 ex
968 873 1102 954 pietate,
1124 870 1238 932 obser-
1321 877 1452 945 Deatioex

153 953 281 1022 vantia,
299 961 365 1015 etc.
382 955 564 1017 Promissio
577 974 706 1024 rursus.
720 954 950 1033 bonitatatis,
967 953 1117 1034 obligare
1129 958 1240 1039 potest
1292 938 1452 1040 ssf'ssffffi

154 1056 195 1098 ex
211 1037 283 1097 sola
290 1035 444 1115 fidelitate
456 1039 509 1099 vel
525 1037 626 1100 etiam
639 1037 823 1118 exjustitia,
838 1044 875 1099 ut
898 1037 926 1099 si
949 1037 1136 1101 intercedat
1153 1035 1239 1098 ratio
1294 1050 1371 1116 tituto.

154 1119 337 1200 pactionis3
351 1119 418 1180 Deo
430 1119 530 1196 facta,
545 1121 633 1202 parit
650 1119 885 1183 necessitatem
902 1119 1083 1202 religionis.
1323 1134 1360 1200 De
1372 1136 1425 1200 oola

197 1203 287 1266 288.
316 1203 427 1264 Votum
452 1201 638 1266 obedient-iae
664 1202 877 1285 religiosorum
902 1209 954 1265 est
980 1200 1143 1284 promissio
1172 1200 1239 1262 Deo
1294 1190 1435 1296 bifidffio'ff‘

148 1283 240 1366 sacta
255 1283 442 1347 obedientiae
456 1305 533 1366 quae
548 1285 673 1348 debetur
688 1286 721 1349 ia
736 1286 800 1349 vita
815 1284 974 1369 religiosa.
1104 1337 1106 1344 .
1295 1263 1356 1355 runi
1460 1347 1467 1351 .

200 1389 227 1430 1.
244 1365 341 1449 Quod
358 1373 394 1429 ut
411 1367 495 1430 bene
517 1369 931 1454 perspiciaturpobserves
948 1375 1065 1431 votum
1082 1367 1239 1430 obedien·
1299 1379 1303 1384 ·
1324 1367 1416 1451 nupta

155 1450 222 1512 tiae
237 1469 312 1512 esse
332 1469 456 1531 genere
479 1451 611 1533 duplex.
637 1453 780 1514 Possum
803 1451 890 1514 enim
906 1471 1009 1530 mere,
1027 1450 1098 1513 sine
1114 1449 1240 1531 obliga·
1296 1450 1363 1554 'iiii
1382 1449 1433 1552 '’tlt‘'

155 1534 246 1596 tione
265 1533 308 1602 ad
323 1535 466 1596 alterum
490 1533 670 1616 hominem,
696 1536 769 1598 Deo
785 1535 981 1617 promittere
1005 1554 1057 1596 me
1072 1533 1240 1598 facturum
1295 1521 1309 1555 ⁰
1324 1521 1335 1553 ⁶
1353 1520 1388 1555 ’Μ
1402 1519 1448 1585 '‘³‘'

155 1615 244 1696 quod
270 1615 324 1677 ille
350 1617 435 1678 alter
457 1617 618 1698 jusserit:
651 1635 716 1698 quo
746 1625 845 1698 pacto
872 1614 958 1679 alter
985 1615 1177 1679 nullatenus
1205 1614 1242 1678 fit

155 1718 250 1761 meus
268 1698 440 1780 Superior.
458 1702 568 1778 Atque
590 1699 674 1761 haec
689 1706 741 1761 est
758 1700 875 1762 melior
890 1701 977 1764 ratio
993 1719 1059 1780 qua
1074 1698 1242 1762 laudabile

155 1783 194 1844 tit
217 1787 335 1844 votum
359 1781 613 1863 obtemperandi
639 1781 847 1868 confessario
874 1803 972 1865 quem
999 1783 1139 1864 elegeris
1164 1801 1242 1865 pru-

157 1865 302 1927 dentem.

198 1947 260 2009 Vel
276 1965 412 2028 possum
436 1946 632 2030 promittere
658 1951 730 2012 Deo
753 1949 977 2012 obedientiam
1002 1967 1102 2030 quam
1128 1948 1239 2023 simul,

159 2029 261 2092 immo
278 2029 311 2092 in
327 2029 439 2111 priore
459 2031 599 2094 rationis
622 2033 730 2114 signo,
749 2032 853 2094 debeo
872 2032 970 2095 alteri
993 2031 1049 2112 qui
1064 2050 1123 2113 per
1139 2051 1174 2093 se
1190 2033 1243 2094 vel

157 2134 197 2175 ex
212 2115 368 2175 ultronea
384 2133 457 2176 mea
473 2115 639 2177 deditione
655 2123 707 2177 est
723 2117 803 2178 mihi
825 2115 993 2196 legitimus
1010 2113 1183 2195 Superior.

199 2197 360 2276 Agedum,
378 2202 489 2284 status
511 2197 725 2280 perfectionis
749 2199 848 2262 infert
871 2199 911 2260 de
928 2217 963 2259 se
979 2196 1241 2280 obtemperatio·

158 2297 234 2338 nem
256 2277 467 2342 hierarchiae
490 2280 740 2343 ecclesiasticae
756 2282 788 2345 in
805 2281 857 2343 his
873 2300 958 2361 quae
974 2281 1016 2342 ad
1032 2279 1241 2362 disciplinam

158 2358 372 2441 perfectionis
389 2363 558 2445 pertinent
574 2363 597 2426 ¹.
615 2366 799 2427 Praeterea
814 2363 1024 2426 coenobitica
1040 2361 1127 2424 ratio
1145 2363 1242 2424 istius

159 2447 267 2504 status
284 2463 342 2506 seu
360 2447 430 2508 vita
447 2447 632 2509 communis
656 2447 735 2510 dicit
752 2447 965 2530 Superiorem
982 2445 1126 2526 aliquem
1143 2446 1243 2508 Insti·
1289 2479 1291 2483 ·

158 2532 232 2587 tuto
257 2527 465 2608 interiorem,
490 2531 543 2592 cui
570 2531 665 2610 quasi
692 2531 897 2594 domesticae
925 2529 1085 2613 potestati
1118 2535 1170 2590 est
1204 2547 1245 2592 ex

157 2609 262 2672 tacita
278 2611 434 2693 pactione
451 2614 649 2695 parendum.

198 2715 229 2756 2.
247 2694 333 2776 Quia
350 2694 452 2775 igitur
476 2716 515 2758 eo
538 2703 692 2778 spectant
718 2695 956 2759 substantialia
971 2702 1053 2757 vota
1071 2693 1244 2774 religioso·
1332 2701 1457 2768 Posterior

157 2795 232 2837 rum
250 2785 287 2837 ut
314 2796 401 2838 nexu
426 2779 655 2859 promissionis
679 2779 721 2842 ad
744 2781 854 2843 Deum
872 2779 1006 2841 firment
1021 2783 1149 2838 statum
1166 2779 1243 2841 reli·
1298 2758 1458 2864 §2¹„2f²⁸3'⁰⁵⁰‘

158 2859 300 2935 giosum‚
325 2867 465 2939 apparet
488 2863 675 2944 posteriore
703 2863 800 2925 modo
828 2863 944 2925 voveri
971 2859 1196 2923 obedientiam
1225 2881 1246 2923 a
1420 2869 1423 2874 '

159 2937 334 3015 religiosis.
363 2941 533 3020 Ceterum,
550 2964 589 3006 eo
613 2945 700 3025 quod
726 2947 903 3008 Praelatus
933 2942 1099 3026 regularis
1126 2943 1245 3025 exigere

159 3019 250 3078 valet
263 3018 485 3084 obedientiam
499 3045 558 3086 seu
571 3028 640 3087 voti
654 3027 914 3105 exsecutionem,
933 3026 1146 3089 manifestum
1164 3026 1246 3088 lacit

159 3099 388 3194 obedientiam
400 3103 461 3184 ipsi
484 3105 595 3169 deberi.
619 3110 779 3172 Facultas
795 3111 883 3172 enim
906 3110 1059 3190 exigendi
1076 3115 1127 3170 est
1144 3127 1245 3189 argu·

159 3189 309 3244 mentum
321 3203 421 3264 juris.

201 3267 270 3329 Nec
287 3285 366 3328 raro
381 3266 467 3329 idem
492 3271 644 3350 proditur
667 3272 738 3354 ipsa
753 3273 824 3336 voti
840 3274 995 3352 formula,
1013 3293 1079 3354 qua
1095 3293 1162 3336 non
1185 3273 1244 3335 uni

158 3351 231 3413 Deo
247 3350 304 3411 sed
320 3349 382 3432 ipsi
398 3352 555 3414 Praelata
578 3354 702 3416 diserte
725 3356 935 3439 promittitur
950 3356 1153 3418 obedientia.
1173 3357 1216 3419 Cf
1236 3402 1244 3420 .

159 3434 196 3496 S.
219 3432 398 3512 Thomam,
423 3456 452 3512 2,
478 3457 507 3513 2,
532 3455 563 3516 q.
588 3443 639 3514 88,
657 3447 723 3502 art.
745 3458 774 3519 5,
793 3439 835 3500 ad
851 3461 885 3518 33
914 3440 1054 3515 Suarez,
1073 3458 1127 3520 op.
1147 3459 1176 3501 c.
1200 3447 1245 3504 tr.

159 3537 189 3598 7,
208 3517 230 3578 l.
251 3538 298 3595 10,
317 3538 346 3578 c.
364 3537 394 3593 2,
413 3538 445 3580 n.
466 3520 760 3600 ro·13;-Palmieri,
779 3541 813 3584 n.
833 3527 902 3601 165.

200 3600 236 3662 In
261 3599 416 3682 religioso
439 3603 551 3681 itaque
573 3601 721 3685 obligatio
743 3603 806 3665 voti
826 3602 942 3666 accedit
963 3605 1005 3666 ad
1028 3602 1245 3686 obligationem
1331 3622 1453 3688 oottgaoo

154 3682 317 3762 pactionis.
348 3684 536 3764 Utrumque
566 3692 678 3748 tamen
709 3686 945 3767 lit'religionis
980 3705 1097 3748 causa.
1130 3687 1243 3770 Quare
1301 3684 1351 3729 ²¹⁰⁸
1375 3679 1462 3727 ‘'md“

158 3764 318 3859 obligatio
334 3766 468 3829 videtur
484 3774 555 3830 tota
572 3776 698 3849 quanta
714 3771 756 3833 ad
779 3768 948 3850 religionis
966 3769 1126 3831 virtutem
1144 3788 1245 3850 posse
1281 3738 1463 3855 ῗῑῖξῗξῇἕᾷἷζῖ

159 3845 289 3910 reierrl.
1302 3858 1385 3902 tionis.

7 3686 21 3716 t

209 4006 252 4070 ΙΙ.
270 4011 321 4070 De
344 4013 380 4072 vi
404 4015 479 4076 voti
503 4016 738 4078 Obedientiae
761 4026 796 4078 et
819 4017 977 4094 peccatis
1001 4014 1191 4076 contrariis

200 4167 290 4232 289.
311 4188 337 4231 1.
351 4169 579 4254 Distinguitur
593 4176 725 4256 quidem
740 4183 857 4245 votum
869 4174 1013 4244 sollemne
1026 4179 1059 4236 et
1070 4172 1243 4261 priuatum.
1303 4176 1433 4281 malinii-¹⁰
1443 4240 1463 4281 Λ

162 4307 508 4323 ””·’---
1299 4299 1406 4363 pl'ttttlo.

188 4379 195 4414 1
208 4378 264 4427 Clr.
277 4377 353 4430 dicta
365 4395 457 4442 supra,
471 4397 499 4432 n.
517 4381 583 4448 16,3.
