3138 5014
139 483 323 567 [455-456]
510 505 547 542 ns
562 503 735 540 ursnancnm
749 505 900 542 ruruurourr
1168 481 1225 545 ill

82 656 85 662 '
180 643 270 708 455.
288 641 330 706 ΙΙ.
347 644 399 704 De
415 642 761 719 congregationibus
777 661 846 704 non
865 643 1055 721 exemptis.
1079 664 1107 705 1.
1125 640 1226 704 Nulla
1305 647 1461 717 suanus*

137 724 266 806 potitur
300 723 583 805 Congregationis
598 743 666 785 non
682 731 857 806 exemptae
867 725 1036 810 ,Superior
1060 723 1225 786 ordinaria
1276 711 1438 820 ,im-{23¹³

137 810 170 871 in
186 827 265 869 suos
283 806 508 888 jurisdictione,
527 826 627 887 quam
645 814 771 886 tamen,
790 807 818 870 si
840 808 942 871 fuerit
965 807 1120 885 clericuS,
1146 804 1226 867 daie·
1420 802 1425 813 '

135 896 254 972 gaiam,
283 889 384 954 etiam
401 889 443 954 ab
469 889 649 973 Episcop0,
667 891 821 973 accipere
837 892 939 954 valet.
957 892 1023 954 Per
1038 910 1074 952 se
1094 894 1227 970 ergoet

138 974 325 1056 Episcopus
340 980 374 1035 et
386 973 456 1056 ipse
468 972 638 1054 parochus
655 992 694 1034 ea
706 979 845 1036 servant
857 973 936 1056 jura
952 991 1037 1055 quae
1053 973 1226 1056 possident

138 1059 301 1119 adversus
317 1056 431 1119 fideles
448 1055 480 1118 in
499 1055 709 1119 universum.

71 1183 73 1188 .
179 1160 209 1202 2.
226 1139 353 1202 Verum
371 1137 483 1200 omnia
499 1157 558 1218 per
581 1157 617 1199 se
640 1143 750 1219 potest
766 1138 928 1221 Superior
943 1158 1029 1222 quae
1044 1138 1222 1201 Praelatus
1310 1137 1419 1223 Puram

138 1220 302 1302 regularis
328 1221 362 1285 vi
388 1220 565 1304 potestatis
592 1219 800 1283 dominatuum
815 1218 1156 1305 uquam-domesticae.
1175 1221 1226 1284 De
1281 1211 1439 1260 domimum.

138 1305 202 1367 hac
217 1303 278 1367 cir.
295 1304 446 1385 exempla
463 1324 496 1367 n.
512 1320 588 1382 430.
604 1319 679 1382 431.
696 1318 805 1383 453,a.
932 1382 935 1387 Ι

180 1387 214 1449 Si
231 1395 344 1450 tamen
369 1385 597 1467 Congregatio
622 1387 666 1448 sit
687 1387 826 1462 laicalis,
844 1388 989 1452 obnoxia
1015 1394 1066 1450 est
1090 1387 1226 1450 decreto

139 1469 417 1553 Quemadmodum,
434 1468 523 1550 quod
546 1469 588 1533 ad
619 1470 870 1536 communiones
897 1478 930 1551 et
958 1471 1123 1534 rationem
1147 1490 1226 1533 con-

138 1552 311 1616 scientiae.

179 1637 298 1699 Nullus
314 1634 596 1715 Congregationis
613 1635 768 1698 alumnus
793 1635 941 1699 ordinari
968 1641 1078 1719 potest
1107 1637 1170 1700 nisi
1186 1656 1228 1699 ex

138 1724 219 1781 voto
234 1718 438 1800 Superioris.
456 1717 554 1800 Quod
575 1716 643 1798 jus,
667 1717 738 1799 jam
755 1719 977 1783 constitutum
996 1720 1027 1783 in
1051 1719 1226 1783 monachis

138 1821 158 1862 a
174 1800 280 1864 Cone.
299 1799 638 1881 Carthaginiensibus
665 1799 768 1863 seculi
785 1807 815 1879 6,
834 1801 1053 1864 confirmatur
1081 1801 1120 1866 C.
1145 1801 1226 1866 Cou-

138 1882 221 1946 dr'tae
236 1904 255 1945 a
270 1881 394 1946 Christo
410 1901 439 1946 c.
452 1904 488 1958 a,
513 1903 546 1945 n.
562 1899 610 1946 vr.
634 1882 704 1945 Nisi
721 1889 834 1947 tamen
857 1884 1069 1965 impetrarint
1093 1885 1227 1948 titulum

138 1965 398 2048 privilegiatum,
429 1965 604 2028 ordinandi
631 1971 711 2029 sunt
741 1967 870 2029 alumni
900 1967 1012 2048 aliquo
1043 1987 1084 2030 ex
1119 1967 1226 2032 titulis

139 2048 258 2129 quibus
273 2049 380 2112 utitur
396 2048 506 2110 clerus
525 2047 703 2110 secularis.

180 2153 210 2212 3.
226 2127 301 2215 Jani
324 2138 436 2194 monet
453 2129 574 2208 Bouiir,
600 2137 625 2193 t.
644 2151 673 2208 2,
697 2150 730 2212 p.
758 2153 829 2212 349,
858 2151 956 2193 usum
978 2131 1163 2194 invaluisse
1191 2137 1228 2195 ut
1312 2153 1413 2209 Exusa,

139 2214 338 2296 Superiores
361 2213 613 2276 communitatis
644 2213 808 2276 clericalis
838 2214 1059 2294 fungerentur
1088 2233 1228 2277 munere
1282 2225 1367 2278 uuum
1384 2225 1438 2316 thir·

137 2295 403 2378 'quasi-parochi,
430 2295 566 2375 suisque
598 2294 790 2358 conferrent
826 2303 1040 2360 sacramenta
1070 2297 1228 2380 parochis
1282 2273 1389 2329 sa-paroc
1408 2283 1425 2316 ²·

139 2385 324 2442 reservata.
335 2377 430 2462 Quod
440 2377 479 2441 de
487 2378 565 2461 jure
578 2378 865 2442 funerandietiam
876 2381 949 2443 vult
962 2379 1226 2461 intelligendum.

179 2461 297 2543 Longe
322 2461 476 2526 severior
501 2459 669 2524 sententia
694 2468 929 2545 propugnatur
960 2464 1048 2546 apud
1077 2462 1227 2528 Analecta

136 2545 215 2628 Jur.
226 2549 314 2627 pout.
331 2564 397 2609 ser.
414 2549 444 2622 8,
463 2565 493 2609 c.
514 2550 605 2623 1760.
941 2569 943 2572 ·

178 2653 210 2712 4.
226 2627 264 2691 In
286 2625 447 2710 temporali
472 2627 620 2692 donorum
640 2626 921 2707 administratione,
940 2628 1101 2714 Superior
1125 2628 1223 2711 Epis·
1309 2627 1437 2698 adminu-

138 2730 222 2856 cobpo
249 2731 315 2774 non
342 2709 509 2776 subditur.
526 2711 639 2795 Quare
655 2712 797 2775 redeunt
818 2711 885 2776 huc
901 2712 990 2776 dicta
1016 2712 1057 2775 de
1080 2713 1226 2794 Regula·
1259 2691 1440 2806 ᾗζῖῗῆ,ί””

138 2813 166 2856 rr
192 2814 230 2856 us
260 2815 294 2859 n.
355 2811 407 2859 as
456 2840 464 2858 .

180 2895 210 2954 5.
226 2843 276 2937 im
297 2810 545 2956 oiirguioqums,
563 2877 624 2941 cir.
643 2877 741 2940 modo
768 2876 858 2941 dicta
879 2878 920 2940 de
945 2877 1227 2961 Congregationi-
1306 2885 1438 2947 Obligatu-

138 2955 201 3017 bus
217 2957 393 3038 exemptis.
1282 2959 1330 2994 ms.

178 3039 224 3102 N.
241 3039 283 3101 Β.
300 3040 374 3102 Non
390 3045 442 3100 est
458 3059 518 3102 cur
541 3040 690 3104 dicamus
717 3041 757 3104 de
780 3042 1110 3124 Quasi-Superioribus
1137 3044 1225 3107 Con·
1282 3041 1441 3144 SD‘Q“‘¹.⁸¹''

138 3120 385 3202 gregationum,
412 3140 488 3183 cum
517 3122 616 3186 simili
645 3124 711 3185 sint
740 3125 815 3186 loco
844 3129 945 3206 atque
979 3126 1013 3189 in
1043 3125 1225 3191 Ordinibus
1282 3102 1414 3207 ,ss‘nm

137 3202 273 3350 proppiet
287 3202 396 3266 dictis.
413 3205 594 3286 Nunquam
611 3212 726 3269 tamen
741 3207 950 3272 Procurator
972 3208 1142 3290 generalis
1161 3211 1225 3272 erit

166 3307 258 3351 raea
275 3306 328 3349 us.

223 3499 239 3590 ἕ
265 3511 303 3597 5.
334 3490 404 3573 De
428 3490 730 3600 Superioribus
759 3493 797 3574 C
796 3492 1147 3602 augregalr‘auum
1253 3565 1256 3571 .

566 3618 795 3701 rrrulr'erum

137 3825 248 3892 Bonix,
262 3824 374 3892 Dajure
383 3825 566 3894 regularium,
581 3826 600 3880 t.
615 3827 638 3890 2,
648 3842 673 3895 p.
686 3830 710 3890 5,
723 3841 744 3880 s
754 3829 778 3890 4,
791 3842 813 3880 o.
827 3828 850 3891 3,
862 3841 888 3895 p.
901 3828 947 3882 281
959 3839 966 3893 ;
978 3842 1000 3881 s
1013 3829 1036 3893 6,
1049 3841 1075 3895 p.
1088 3829 1137 3882 349
1144 3844 1154 3895 ,·
1169 3841 1191 3881 s.
1205 3829 1228 3896 7,

171 3902 311 3971 appendix
332 3903 356 3971 2,
374 3919 401 3972 p.
420 3903 546 3970 386-400;
566 3907 738 3973 Lucidiim
759 3905 929 3974 visitatione,
946 3907 965 3962 t.
980 3907 1003 3970 2,
1022 3921 1044 3959 o.
1062 3912 1086 3971 5,
1098 3907 1151 3961 art.
1165 3908 1227 3970 4-73

171 3983 330 4050 Graisson,
351 3984 404 4039 Des
422 3984 631 4040 commuauuir's
652 3984 669 4039 d
692 4001 773 4040 omum
796 3984 913 4052 simplas.
937 4001 962 4053 o,
984 3987 1001 4038 4
1021 3998 1097 4054 sqq.;
1121 3987 1228 4041 Santi-

170 4062 307 4129 Leitner,
329 4061 532 4118 Productiones
547 4061 614 4132 jure
635 4078 735 4120 canon.
754 4063 772 4119 l.
791 4065 814 4127 3,
835 4063 855 4117 t.
867 4064 907 4127 36,
931 4077 958 4117 n.
980 4063 1012 4128 8;
1031 4063 1225 4130 Battandier,

173 4136 258 4193 (laida
271 4140 435 4208 canoniam,
449 4153 475 4207 p.
489 4140 513 4203 2,
526 4154 549 4196 o.
562 4140 613 4193 2-5.

179 4294 269 4358 456.
297 4295 403 4357 Ratio
426 4297 616 4373 generalis.
644 4318 672 4359 r.
699 4295 861 4376 Regimen
885 4294 1007 4358 harum
1032 4294 1226 4376 Congrega-
1312 4294 1423 4354 Regma

137 4375 266 4438 tionum
278 4394 318 4437 ex
333 4377 477 4459 propriis
501 4378 798 4446 constitutionibus
811 4378 1007 4462 approbatis
1021 4385 1054 4440 et
1067 4377 1225 4459 legitimis
1282 4350 1405 4459 dimi„
1415 4411 1428 4458 ρ

139 4456 435 4522 consuetudinibus
451 4458 611 4542 imprimis
627 4467 678 4524 est
690 4460 876 4526 eruendum
890 4483 897 4540 ;
915 4461 991 4524 dein
1004 4481 1045 4524 ex
1059 4460 1098 4526 C.
1117 4463 1226 4524 Bene·
