3138 5014
124 517 237 596 [430]
534 535 569 570 ne
586 508 771 570 sternitum¹
785 535 896 570 cunnus
1161 519 1218 581 291

137 675 164 734 ri
183 672 208 736 ¹.
228 670 396 734 Observes
420 677 532 734 autem
562 678 638 734 ante
665 669 853 754 ingressum
876 672 1035 754 petendas
1050 673 1164 754 fuisse,
1181 695 1221 738 ex

134 759 213 836 jure
242 756 423 830 communi,
453 754 709 818 Ordinatiorum
739 755 869 816 litteras
899 755 1151 835 testimoniales,
1181 778 1221 820 ex

137 839 274 899 decreto
289 837 338 899 Pii
353 855 388 899 rx
403 837 541 899 Rotnani
551 836 717 917 Pontifices
728 856 740 906 ;
753 843 786 898 et
802 843 988 918 praeterea,
1004 839 1031 899 si
1045 840 1100 918 qui
1112 841 1222 903 coacti

139 920 262 982 luerint
292 920 447 1000 militare,
480 919 571 1001 ipsis
600 925 719 1000 saltem
746 919 778 981 in
805 919 914 997 ltalia,
941 921 1159 985 redeuntibus
1188 923 1221 985 in

136 1001 392 1079 Monasterium,
417 1021 501 1083 opus
517 1001 620 1064 fuisse
643 999 936 1082 testimonialibus
972 1003 1092 1065 litteris
1124 1004 1221 1068 Ordi·
1278 1022 1295 1038 ··
1347 1011 1349 1014 '
1394 1007 1397 1013 ²

134 1083 308 1148 narioruni
333 1085 364 1147 in
382 1105 526 1164 quorum
544 1085 752 1147 dioecesibus
775 1086 894 1146 saltem
912 1104 972 1162 per
993 1093 1062 1147 tres
1089 1107 1221 1149 menses
1278 1103 1282 1110 ’
1427 1096 1430 1106 ’

132 1173 247 1230 'essent
281 1167 492 1230 commorati.
526 1168 628 1230 Deer.
667 1166 703 1230 S.
735 1167 859 1248 Congr.
895 1167 1004 1250 Super
1036 1167 1221 1251 Disciplina

134 1251 293 1334 regulari,
312 1269 447 1332 271n0tt.
475 1255 552 1330 1892
569 1250 610 1310 ad
626 1269 657 1330 5..
926 1325 928 1330 Ι

135 1357 139 1364 ·
175 1355 205 1412 3.
223 1334 274 1395 Ab
286 1329 460 1395 interstitiis
473 1337 564 1416 valet
576 1333 764 1414 Episcopus
776 1331 878 1394 etiam
903 1351 979 1395 cum
996 1333 1220 1414 Regularib'us

133 1415 327 1497 dispensare
351 1423 514 1496 quantum
537 1435 621 1498 opus
643 1415 708 1479 sit:
733 1417 846 1498 plures
872 1413 959 1497 enim
974 1417 1130 1496 generale
1148 1416 1220 1499 jam

135 1498 263 1560 habent
276 1497 502 1580 privilegium.
515 1499 566 1560 De
578 1497 722 1561 veritate
735 1503 848 1560 autem
865 1497 1034 1560 rationum
1047 1518 1109 1560 cur
1121 1518 1220 1580 reguf

136 1581 225 1642 lares
243 1579 442 1658 Superiores
459 1580 742 1662 dispensationem
758 1581 929 1662 postulent
956 1579 1125 1661 inquirere
1151 1601 1218 1660 non

137 1668 263 1746 potest.
277 1660 349 1725 Cir.
367 1663 497 1741 Lucidi,
512 1663 560 1725 De
580 1662 772 1741 Visitatt'one,
790 1670 815 1724 t.
836 1681 863 1740 1,
882 1683 912 1726 c.
928 1685 959 1740 2,
974 1684 1007 1725 n.
1025 1685 1094 1727 122.

169 1767 234 1825 Nisi
254 1769 384 1842 amplius
407 1784 582 1826 concessum
606 1769 643 1825 sit
662 1768 860 1841 privilegium,
883 1769 959 1824 ratio
982 1786 1035 1825 cur
1057 1769 1095 1824 ab
1118 1769 1219 1826 annali

132 1852 228 1924 spatio
241 1852 316 1908 inter
328 1851 532 1925 acolythatum
546 1860 576 1907 et
588 1851 846 1920 subdiaconatum,
867 1851 913 1906 vel
936 1851 1012 1906 inter
1028 1851 1219 1928 diaconatum

134 1945 162 1993 et
175 1936 411 2010 presbyteratum
435 1936 630 2008 dispensetur,
652 1935 747 2002 debet,
763 1951 799 1990 ex
818 1935 852 1990 C.
867 1934 1052 2006 Tridentino,
1068 1953 1094 1992 c.
1111 1952 1153 1993 11.
1176 1928 1220 2008 14,

133 2037 157 2076 s.
169 2037 204 2094 23
218 2015 287 2097 Res.
299 2037 363 2088 esse
376 2020 527 2077 Ecclesiae
539 2016 657 2080 utilitas
669 2020 715 2076 vel
728 2014 892 2076 necessitas.
907 2019 971 2074 Etsi
991 2020 1071 2075 enim
1086 2020 1220 2076 remissio

133 2105 280 2162 interstitii
293 2104 372 2179 quod
386 2105 423 2161 ad
436 2105 671 2178 presbyteratum
691 2104 806 2160 dicatur
817 2120 836 2158 a
848 2102 982 2160 Concilio
1002 2101 1169 2160 faciendam
1183 2104 1220 2158 ob

1278 1355 1282 1381 ·,
1293 1332 1432 1392 -Drspen‘sa-

1274 1392 1307 1442 tiu
1319 1393 1349 1439 (tlt
1358 1393 1434 1440 inter·-

1273 1449 1361 1497 stitus.

1306 1778 1434 1846 Dispersa-

1274 1843 1412 1905 (torrescun-
1457 1869 1459 1874 -

1273 1903 1320 1942 sete.

133 2187 277 2262 ecclesiae
290 2186 448 2244 utilitatem
468 2187 734 2256 nenecessitatem,
752 2187 927 2243 alterutrum
948 2203 1011 2242 esse
1031 2186 1111 2256 satiS,
1126 2186 1221 2242 decla·
1278 2189 1280 2193 ’
1326 2256 1327 2262 ¹

132 2271 207 2328 ravit
220 2270 250 2328 S.
272 2271 305 2328 C.
320 2271 414 2328 Cone.
436 2287 453 2345 3
472 2271 543 2328 maii
560 2271 637 2328 1620.
653 2270 779 2346 (Lucidi‚
795 2279 816 2329 t.
834 2286 858 2339 1,
875 2286 901 2326 e.
916 2286 943 2338 2,
959 2288 989 2327 n.
1008 2271 1081 2344 123.)
1096 2269 1220 2338 Verum,
1314 2274 1316 2278 '
1389 2295 1391 2303 ι

132 2372 201 2410 cum
216 2356 340 2412 ecclesia
355 2356 433 2412 sumi
448 2356 540 2429 possit
553 2357 615 2413 sive
628 2372 664 2412 ea
684 2355 732 2411 cui
747 2355 883 2411 sacerdos
902 2354 1055 2410 addicatur
1067 2355 1128 2411 sive
1143 2354 1222 2410 dioe-
1302 2360 1306 2364 '
1337 2363 1339 2366 ’

132 2439 216 2508 cesis,
232 2440 262 2504 in
275 2440 415 2512 Regulari
428 2441 498 2498 satis
512 2441 566 2498 erit
578 2441 602 2497 si
617 2441 807 2497 interstitium
827 2440 994 2497 remittatur
1007 2441 1045 2496 ob
1066 2441 1223 2496 necessita-
1278 2443 1282 2448 “

132 2531 192 2580 tem
208 2523 254 2580 vel
269 2525 426 2582 utilitatem
440 2526 628 2583 monasterii:
648 2543 677 2582 v.
698 2542 741 2596 gr.
756 2543 815 2598 quo
836 2525 949 2581 levetur
961 2523 1026 2600 ejus
1038 2525 1148 2596 inopia,
1164 2541 1222 2596 quo

132 2607 271 2670 oneribus
284 2608 456 2678 Missarum,
469 2609 639 2666 ministeriis
649 2609 795 2667 obeundis
805 2605 941 2665 satisfieri
955 2616 1055 2680 queat.
1070 2606 1222 2672 Ceterum,

132 2700 205 2746 teste
221 2690 382 2750 Benedicto
401 2709 454 2750 xrv
473 2689 582 2768 (instit.
606 2695 652 2769 58)
677 2695 787 2751 utilitas
807 2692 949 2752 ecclesiae
966 2692 1031 2767 jam
1053 2691 1178 2748 habetur
1198 2691 1222 2746 si
1278 2717 1280 2721 ⁷

132 2775 315 2834 ordinandus
327 2780 365 2835 sit
377 2779 421 2835 vir
442 2790 577 2836 maturae
596 2780 702 2836 aetatis
721 2790 751 2835 et
770 2778 921 2835 doctrinae
943 2777 1031 2833 laude
1053 2786 1206 2849 praestans
1213 2793 1221 2845 ;

132 2877 257 2932 raroque
276 2861 374 2931 hodie,
389 2861 413 2916 si
429 2869 563 2935 tempora
582 2863 722 2934 respicias
735 2871 764 2918 et
778 2862 954 2918 clericorum
968 2876 1139 2928 numerum,
1152 2856 1223 2914 defi-

133 2959 198 2998 cere
213 2943 430 3012 condicionem,
447 2945 597 3017 eleganter
610 2954 712 3002 monet
726 2943 877 3018 Gasparri,
892 2961 942 3016 op.
958 2960 984 3001 c.
996 2953 1017 3000 t.
1032 2958 1056 3012 1,
1072 2960 1102 2999 n.
1113 2937 1115 2940 ’
1122 2959 1185 3016 504.

140 3103 142 3110 ,
175 3041 282 3102 Porro
309 3039 497 3122 Episcopus
524 3043 620 3122 cujus
643 3049 695 3104 est
717 3039 954 3122 Regularibus,
973 3039 1028 3120 qui
1047 3039 1224 3120 privilegio

135 3128 287 3201 careant,
319 3122 601 3203 dispensationem
638 3124 680 3185 ab
714 3121 901 3186 interstitiis
941 3127 1128 3187 concedere
1169 3132 1221 3184 est

133 3203 322 3288 Episcopus
338 3203 486 3268 ordinans
502 3206 526 3270 ².

136 3373 138 3378 ,
170 3309 236 3367 Hoc
258 3311 382 3368 nomine
404 3310 615 3385 intelligendus
630 3320 684 3381 est,
707 3328 767 3368 non
788 3311 955 3384 Episcopus
974 3309 1100 3366 titularis
1119 3309 1169 3381 qui
1192 3327 1223 3366 re

1309 3070 1436 3130 Episcopus

1276 3135 1409 3188 competens.

133 3412 202 3452 vera
215 3393 340 3464 ordinet,
355 3413 424 3451 cum
439 3395 464 3452 is
477 3395 592 3453 nullam
607 3396 715 3452 habeat
725 3395 975 3470 jurisdictionem,
991 3393 1041 3450 sed
1057 3393 1106 3448 ille
1126 3391 1220 3466 cujus,
1264 3417 1273 3432 .

133 3481 211 3552 quod
230 3480 268 3535 ad
289 3479 518 3551 ordinationem,
533 3480 695 3552 Regulares
710 3491 781 3536 sunt
800 3479 919 3536 subditi.
937 3479 1001 3536 Erit
1020 3479 1119 3550 itaque
1129 3474 1184 3553 pe'r
1195 3493 1224 3545 se

133 3562 299 3636 Episcopus
312 3563 369 3619 loci
384 3565 555 3636 monasterii
562 3582 570 3634 ;
583 3564 640 3635 vel,
652 3565 676 3621 si
688 3565 713 3621 is
723 3564 857 3637 legitimo
868 3575 1002 3636 tempore
1015 3580 1075 3618 nou
1090 3561 1127 3616 sit
1140 3560 1222 3616 habi-

134 3657 217 3704 turus
236 3648 448 3719 ordinationes
471 3648 496 3704 is
514 3649 551 3706 ad
573 3666 663 3721 quern
677 3647 851 3722 Superiores
874 3647 1009 3705 miserint
1029 3642 1221 3702 dimissoriae.

134 3729 271 3805 Denique
284 3733 309 3789 si
323 3733 489 3806 Episcopus
508 3734 545 3790 ad
565 3751 655 3806 quem
676 3744 789 3806 spectat
810 3733 894 3789 alteri
914 3733 1062 3805 Episcopo
1079 3730 1129 3805 jus
1147 3729 1223 3785 ordi-

133 3817 224 3872 nandi
250 3815 438 3888 delegaverit,
472 3817 497 3872 is
527 3817 618 3874 etiam
647 3817 753 3889 poterit
781 3817 961 3889 dispensare,
995 3815 1019 3871 si
1052 3814 1089 3870 ab
1118 3813 1225 3892 eodem

134 3898 291 3957 Ordinatio
313 3901 370 3959 hoc
392 3901 482 3958 simul
504 3901 543 3958 sit
564 3901 619 3973 ipsi
643 3918 830 3970 concessum,
852 3900 898 3956 vel
922 3899 1009 3956 luerit
1030 3898 1224 3954 dioecesanus

134 3984 332 4059 habueritque
345 3987 534 4061 privilegium
548 3985 739 4060 dispensandi
754 3985 843 4043 etiam
855 4003 924 4042 cum
940 4002 1001 4040 non
1016 3981 1151 4039 subditis.
1240 3997 1241 4000 ’

171 4063 215 4122 Ita
239 4065 337 4126 serunt
359 4069 515 4144 principia,
539 4070 648 4142 quibus
670 4078 794 4142 apparet
816 4067 1069 4140 dispensationem
1093 4066 1222 4124 dandam

133 4167 198 4208 esse
210 4151 248 4208 ab
261 4170 297 4209 eo
310 4152 360 4225 qui
370 4162 559 4227 competente
571 4152 680 4228 polleat
688 4151 903 4230 jurisdictione,
918 4163 947 4208 et
957 4151 1045 4224 plane
1066 4147 1223 4206 confirma·
1269 4161 1270 4166 ’

162 4356 171 4392 1
183 4355 240 4405 Cir.
253 4368 325 4415 resp.
339 4355 366 4404 S.
377 4356 409 4403 C.
420 4356 504 4404 Cone.
518 4363 545 4404 28
557 4347 625 4403 febr.
640 4358 705 4412 1654,
718 4365 773 4414 quo
784 4347 1018 4399 declaratursatis‘
1027 4351 1123 4396 esseut
1135 4343 1227 4406 Regu:

133 4413 205 4461 lares
217 4411 364 4461 observent
374 4413 489 4460 formam
500 4411 602 4460 decreti
615 4413 700 4460 Clem.
713 4423 772 4467 v111,
786 4414 812 4458 15
824 4415 902 4458 mart.
918 4413 981 4465 1596,
994 4411 1021 4454 et
1030 4405 1084 4453 alia
1095 4414 1224 4474 responsa

133 4472 208 4529 apud
220 4469 371 4525 Paltouini,
382 4471 562 4518 Sacramentum
570 4469 681 4524 Ordinis.
692 4482 721 4526 u,
734 4485 774 4526 1⁷7
786 4482 857 4530 sqq.,
869 4467 913 4516 vel
926 4466 997 4522 Fiat,
1007 4478 1036 4521 11,
1047 4479 1075 4523 p.
1085 4480 1136 4522 291.
1224 4474 1226 4478 ’

162 4528 243 4577 tcott.
255 4529 329 4588 Prop.
342 4527 401 4576 Fra.
414 4542 440 4576 n.
455 4535 519 4585 1168,
532 4528 574 4576 vel
585 4529 618 4576 Α.
631 4529 659 4577 S.
671 4528 699 4575 S.
713 4540 773 4583 xxv,
787 4532 837 4583 587.
