3138 5014
354 406 415 470 276
729 425 938 462 emissemus.
956 427 1046 462 cnrur
1061 427 1081 462 11

169 579 264 648 Desre-
354 563 453 626 modo
483 562 665 646 prudenter
692 569 815 644 agatur
842 563 864 626 ¹.
889 561 1041 626 Prudens
1064 567 1178 624 autem
1204 561 1367 641 judicium
1394 570 1447 626 est

138 643 235 700 aarum
254 650 299 696 ³²⁶·
349 646 540 728 utriusque,
555 652 623 708 tam
637 645 828 726 Superioris
841 664 941 725 quam
951 644 1168 707 Confessarii.
1180 645 1215 708 Si
1228 665 1314 726 quae
1329 651 1446 709 tamen

139 711 224 777 pessus.
354 729 387 793 in
417 731 482 792 hac
508 749 544 790 re
570 728 722 810 injungat
749 727 994 805 Confessarius,
1023 727 1156 790 videtur
1183 729 1254 810 ejus
1286 729 1445 791 standum

354 812 533 874 sententia.
558 812 632 874 Hoc
656 811 844 891 colligimus
867 830 907 872 ex
930 811 1065 871 decreto
1088 811 1277 874 Innocentii
1296 829 1342 890 xr,
1363 811 1447 874 Cum

354 893 395 955 'ad
411 915 509 962 ames,
539 916 575 958 12
598 894 663 956 feb.
684 899 773 973 1679,
798 913 863 974 quo
886 893 1131 955 communionis
1148 893 1336 974 frequentia
1354 894 1443 973 Con·-

350 977 571 1056 ,fessariorum
591 975 717 1058 judicio
739 975 861 1037 dicitur
877 975 1106 1056 relinquenda.
1124 976 1224 1038 Valet
1249 984 1361 1039 autem
1378 977 1442 1040 Su-

350 1060 467 1141 perior
482 1059 719 1121 abstinentiam
752 1057 794 1120 ab
823 1059 888 1121 hac
918 1078 1016 1120 sacra
1033 1059 1116 1142 dape
1133 1058 1166 1120 in
1196 1059 1442 1142 paenitentiam

354 1143 538 1223 imponere.

169 1225 279 1304 D'qcom·
396 1248 426 1288 2.
451 1222 543 1308 Quod
564 1222 607 1296 ad
629 1222 870 1285 communionem
891 1221 1066 1305 paschalem
1090 1224 1299 1304 almaricum,
1324 1244 1444 1308 perse

137 1307 250 1412 mm}
265 1357 285 1398 e,
349 1307 523 1388 ¹communi
552 1306 697 1368 fidelium
719 1308 796 1386 jure
825 1313 979 1368 utuntur.
1005 1307 1119 1389 Quare
1145 1307 1350 1390 dispensatio
1376 1309 1443 1370 ista

141 1412 237 1458 uiatico.
354 1396 485 1472 spectat
498 1391 539 1452 ad
554 1392 739 1470 parochum
751 1397 785 1450 et
797 1387 1015 1470 Episcopum,
1030 1391 1085 1469 qui
1099 1389 1271 1472 Superiori
1285 1391 1442 1472 religioso

356 1474 452 1535 utiles
468 1472 646 1534 facultates
662 1471 810 1533 tribuere
827 1473 922 1533 solet.
941 1473 1134 1542 Praeterea,
1154 1474 1243 1553 quod
1260 1475 1382 1536 attinet
1399 1475 1442 1536 ad

355 1556 624 1619 communionem
658 1553 861 1635 pasehalem,
897 1554 948 1616 his
983 1553 1148 1635 religiosis
1177 1555 1233 1635 qui
1264 1557 1442 1620 ecclesiam

354 1638 582 1719 parochialem
600 1656 667 1698 uon
683 1636 900 1717 frequentant
916 1636 1050 1699 videtur
1067 1637 1170 1699 tacite
1190 1657 1388 1702 concessum
1405 1645 1442 1701 ut

354 1721 563 1782 inconsueto
576 1718 727 1782 oratorio
740 1726 920 1802 praecepto
938 1719 1110 1782 Ecclesiae
1128 1721 1350 1784 satisfaciant.
1370 1722 1412 1784 Cf
1432 1768 1440 1785 .

168 1905 201 1953 ln
221 1905 297 1965 Insu-
355 1818 485 1963 ῃιῗέἓ.
498 1897 557 1960 IV.
571 1900 611 1958 In
625 1897 806 1957 Institutis
818 1896 1010 1956 mulierum
1024 1899 1080 1958 vel
1095 1898 1440 1976 Congregationibus

140 1966 198 2068 {22³ss
208 1965 299 2069 ’ζξξῗξξῖ
354 1982 513 2042 virorum
523 1982 581 2059 qui
591 1979 813 2057 professione
830 1987 865 2039 et
879 1981 1177 2042 conditionesunt
1191 1985 1335 2058 penitus
1349 1983 1457 2044 laici.·

140 2093 221 2148 rorum
260 2079 299 2126 sea
398 2099 425 2139 1.
442 2075 493 2138 De
509 2075 716 2137 comurmzioue
732 2071 875 2153 paschali
890 2081 922 2134 et
938 2093 1025 2134 sucro
1041 2073 1166 2154 viatica,
1185 2077 1327 2138 redeunt
1344 2077 1443 2139 modo

139 2144 299 2243 J,”2³„}{{s,'‘”‘²⁴r
353 2159 443 2221 dicta
459 2161 497 2220 de
515 2178 580 2220 non
598 2157 761 2239 exemptis
780 2157 1108 2236 Congregationibus
1127 2158 1340 2223 clericorum.

156 2232 298 2326 Commium
396 2264 425 2305 2.
443 2238 1053 2324 Quodadfrequmfiumcorummm'oms
1070 2243 1248 2321 pervitam
1266 2263 1274 2304 ε

136 2337 259 2406 pascimus
279 2342 299 2383 et
395 2328 427 2402 a)
443 2325 558 2386 Solent
581 2325 672 2406 ipsae
690 2325 826 2401 regulae
842 2323 895 2383 vel
912 2321 1180 2385 Constitutiones
1197 2323 1343 2386 indicere
1361 2332 1444 2406 quot

134 2400 262 2443 reatuum.
347 2407 605 2468 communiones
629 2407 696 2467 sint
721 2423 779 2485 per
802 2424 838 2465 se
861 2403 1034 2466 faciendae
1061 2404 1092 2465 in
1120 2405 1343 2478 hebdomada,
1372 2428 1443 2469 non

132 2478 296 2596 'nrocririmiie
353 2509 433 2550 raro
455 2489 568 2550 addita
592 2488 664 2569 ipsa
687 2486 815 2549 dierum
841 2486 1082 2563 designatione,
1100 2486 1146 2548 ita
1163 2494 1199 2546 ut
1216 2488 1384 2549 habeatur
1408 2491 1441 2552 id

139 2595 242 2652 quentia.
353 2572 440 2651 quod
458 2577 582 2632 vocant
599 2571 774 2645 catalogus
791 2590 850 2631 seu
871 2568 1078 2631 calendarium
1094 2568 1352 2632 corumrtm'omlm.

167 2677 205 2723 De
214 2680 287 2722 ‚mm
395 2653 445 2714 Ad
459 2663 604 2715 mentem
615 2653 649 2714 S.
661 2652 755 2714 Sedis
767 2652 900 2714 videtur
912 2653 1084 2732 quadrare,
1094 2657 1132 2712 ut
1145 2651 1177 2712 in
1192 2651 1441 2715 recentioribus

138 2735 166 2781 s.
178 2735 256 2782 smus.
352 2735 519 2796 Institutis
533 2737 648 2814 regula
662 2735 948 2815 praescribantur,
960 2732 1341 2814 singulishebdomadis,
1354 2736 1442 2797 duae

353 2818 618 2896 communiones,
637 2827 773 2898 praeter
789 2818 1021 2879 dominicalem
1037 2817 1059 2876 ².
1078 2817 1153 2878 Huc
1169 2822 1301 2896 spectat
1319 2817 1440 2900 hujus-

352 2900 440 2962 modi
466 2902 593 2980 regula,
621 2908 657 2962 ut
682 2901 831 2962 moribus
856 2901 925 2961 suis
953 2901 1071 2979 dignos
1099 2919 1135 2961 se
1157 2898 1285 2965 faciant
1309 2901 1365 2980 qui
1389 2901 1441 2964 his

346 2981 459 3045 saltem
486 2983 612 3052 diebus,
639 2982 702 3044 nisi
729 2982 921 3044 rationabili
948 3001 1051 3042 causa
1079 2983 1243 3061 excusati,
1273 2983 1441 3065 accipiant

352 3086 474 3147 corpus
500 3066 636 3129 Christi.
668 3064 737 3128 Cir.
765 3085 852 3145 resp.
882 3065 917 3127 S.
947 3064 985 3127 C.
1011 3065 1072 3126 EE
1111 3073 1144 3127 et
1166 3065 1240 3128 RR.
1265 3066 1312 3127 ad
1335 3068 1440 3130 Arch.

350 3149 640 3230 Burdigalensem.
660 3167 773 3228 4aug.
794 3153 883 3210 1888.
901 3147 1066 3224 Mortifera,
1077 3164 1116 3225 ¹x,
1137 3171 1164 3224 1,
1183 3167 1216 3228 p.
1236 3168 1305 3229 171.

392 3233 424 3310 b)
438 3232 546 3294 Omne
560 3231 702 3293 vetitum
719 3251 761 3292 ne
773 3230 981 3310 frequentius
996 3231 1196 3291 accederent
1210 3246 1311 3308 quam
1323 3232 1441 3312 regula

345 3315 507 3396 jubentur
524 3315 694 3376 sublatum
711 3322 762 3375 est
779 3314 915 3375 decreto
932 3311 1198 3396 ererrradmodum
1215 3313 1251 3376 S.
1268 3312 1305 3377 C.
1319 3315 1391 3378 EE.
1407 3320 1441 3375 et

349 3399 422 3461 RR.
443 3418 479 3479 17
496 3397 568 3459 dec.
591 3403 680 3476 1890.
705 3455 708 3460 .

389 3494 419 3568 e)
438 3489 558 3571 Majori
575 3489 677 3563 igitur
688 3489 902 3568 frequentiae
925 3490 960 3553 S.
984 3489 1088 3552 Sedes
1105 3490 1240 3562 minime
1258 3496 1439 3574 repugnat.

347 3573 453 3635 Immo
466 3571 662 3634 monialium
686 3573 909 3652 quarundam,
925 3573 1198 3656 contemplationi
1211 3574 1437 3650 addictarum,

345 3657 499 3717 laudavit
517 3675 615 3716 usum
632 3674 790 3716 accessus
807 3655 992 3736 quotidiani
1008 3656 1029 3718 ³.

130 3895 151 3924 ⁸
248 3963 250 3968 ,
344 3912 777 3973 'ler.Monifore,X,2‚p.17o.

374 3983 427 4031 ρΙά
442 3983 606 4042 perspicitur
624 3983 652 4031 in
668 3983 952 4034 animadversionibus
971 3986 998 4034 S.
1019 3985 1254 4046 Congregationis.
1276 3986 1332 4035 Cir.
1353 4001 1380 4034 v.
1398 4001 1437 4050 gr.

345 4060 359 4100 9
367 4040 424 4100 jan.
439 4049 500 4090 1860.
514 4041 587 4100 apud
600 4041 731 4098 Bizzarri,
744 4057 770 4100 p.
784 4050 835 4098 838,
848 4057 875 4090 n.
891 4050 932 4098 13:
946 4048 972 4090 25
981 4041 1031 4102 jul.
1047 4049 1111 4094 1885.
1124 4044 1160 4091 ad
1173 4058 1207 4100 12,
1222 4051 1247 4091 31
1258 4043 1308 4103 jul.
1323 4052 1389 4104 1896.
1403 4047 1440 4094 ad

345 4107 382 4165 'an
395 4117 422 4148 22
433 4105 511 4147 mart.
527 4108 590 4158 1897,
600 4100 635 4146 ad
647 4108 668 4157 8,
681 4101 754 4157 apud
766 4100 934 4156 Battandier,
947 4115 973 4159 p.
990 4117 1040 4158 129.
1054 4103 1093 4148 Ex
1102 4100 1163 4165 jure
1172 4101 1309 4150 communi
1320 4103 1440 4151 Triden-

345 4163 411 4213 tm0‚
433 4172 453 4205 s.
476 4163 513 4212 25,
530 4171 553 4205 c.
574 4158 662 4212 10‚De
681 4157 773 4215 negiu..
796 4173 876 4215 mere,
900 4158 957 4206 suis
976 4157 1229 4214 constitutionibus,
1247 4160 1440 4208 admonendae

345 4221 426 4322 eran‘ti
443 4215 577 4321 Mopiales
586 4220 616 4262 ut
625 4217 707 4262 semel
716 4214 811 4263 saltem
823 4216 851 4264 in
861 4230 952 4264 mense
968 4215 1164 4264 confiterentur
1178 4225 1204 4264 et
1215 4217 1250 4265 ad
1263 4219 1290 4266 S.
1304 4218 1439 4276 synaxim

344 4287 409 4322 acce
430 4287 513 4322 eren.

342 4337 346 4343 ’
372 4344 582 4404 ³Csr.respons.
596 4344 622 4392 S:
637 4343 868 4394 Paenitentiariae
885 4363 911 4404 19
922 4358 985 4394 nov.
1006 4349 1071 4402 1885,
1090 4360 1114 4393 v.
1128 4359 1167 4407 gr.
1181 4345 1254 4405 apud
1267 4347 1440 4407 Bucceroni,

343 4401 513 4459 Enclu'ridion,
526 4417 553 4461 p.
573 4416 613 4457 127
628 4401 691 4449 fine.
1537 4403 1538 4412 ¹
