3138 5014
142 425 328 506 [494-495]
347 446 384 482 na
395 448 564 484 HABlLlTATR
576 448 763 484 assummum
775 449 811 483 nn
823 448 915 484 uuum
925 447 1133 484 sccarsmsrrca
1169 424 1228 502 3οὔ

133 586 256 647 autem
274 581 439 663 regularis
455 583 538 645 ordo
553 600 621 646 non
645 581 688 644 sit
709 581 742 645 in
758 581 954 646 universum
971 581 1034 644 nisi
1051 579 1229 643 subseciva

144 665 275 726 ratione
291 674 324 727 et
340 665 515 729 deficiente
532 667 676 728 seculari
692 665 921 747 spiritualibus
936 665 1140 728 addicendus
1156 683 1228 724 mu·

143 748 293 826 neribus,
307 748 351 825 id,
362 768 436 810 cum
446 749 532 830 juris
542 749 644 810 divini
658 749 882 810 consideratio
894 747 1005 830 potius
1019 747 1227 810 contrarium

141 831 293 908 suadeat,
312 851 353 892 ex
368 831 521 912 positivis
544 831 754 895 documentis
776 833 964 893 luculenter
979 831 1066 893 loret
1082 828 1227 907 efficien-

139 914 230 976 dum.
247 912 340 976 Talis
364 920 477 976 autem
501 915 675 977 Ecclesiae
696 934 790 976 mens
807 914 916 994 colligi
932 912 1046 994 nequit
1063 933 1103 974 ex
1126 912 1227 991 privi-
1285 933 1287 939 ·
1349 913 1350 916 ’

139 995 226 1076 legio
243 997 453 1078 exemptionis
477 998 652 1078 Namque:
677 1000 709 1076 a)
726 995 905 1078 Exemptio
921 1002 972 1058 est
988 996 1030 1057 ab
1047 1015 1115 1056 una
1130 993 1226 1074 Epis·

139 1078 214 1160 copi
241 1079 432 1142 dioecesani
455 1080 703 1162 jurisdictione,
733 1099 801 1141 non
828 1084 941 1141 autem
964 1080 1006 1140 ab
1022 1077 1226 1155 auctoritate

139 1161 266 1223 Summi
295 1162 478 1241 Pontificis,
503 1163 571 1244 qui,
596 1183 672 1225 cum
691 1162 733 1225 sit
760 1162 908 1226 omnium
931 1161 1077 1224 fidelium
1104 1161 1226 1222 Pastor

138 1243 238 1306 etiam
264 1243 472 1320 immediatus,
500 1245 622 1326 ubique
649 1248 739 1307 valet
767 1244 828 1306 sibi
855 1245 1009 1327 proprios
1036 1243 1226 1305 adsciscere

76 1351 80 1355 ¹
137 1327 321 1406 adjutores.
345 1329 379 1407 b)
396 1330 491 1391 Haec
509 1325 592 1391 cura
607 1328 669 1390 fuit
685 1328 748 1391 SS.
764 1327 961 1390 Pontificum
980 1326 1027 1389 ita
1043 1324 1225 1406 exemptio-

138 1428 213 1470 nem
243 1411 451 1492 temperandi
481 1419 519 1473 ut
549 1431 590 1472 ex
619 1412 726 1474 sacris
754 1410 974 1491 Regularium
997 1407 1226 1472 functionibus

137 1491 220 1555 nihil
237 1493 276 1554 de
293 1490 960 1577 episcopaliauctoritatedetraheretur.

180 1596 209 1654 3.
227 1575 355 1638 Contra
381 1584 494 1638 autem
517 1576 690 1639 nonsatis
707 1595 780 1638 esse
807 1577 835 1638 si
858 1574 891 1636 in
908 1575 1043 1638 modum
1060 1573 1226 1636 duntaxat

137 1657 342 1739 exceptionis
369 1660 555 1739 Regulares
582 1679 680 1721 sacra
706 1659 799 1721 obire
823 1659 937 1720 muma
968 1657 1127 1730 volueris,
1156 1675 1225 1718 ma-

141 1739 262 1802 nifesto
284 1742 508 1823 perspicitur:
534 1745 566 1821 a)
584 1740 835 1823 Approbatione
850 1741 1089 1819 Institutorum
1107 1739 1226 1803 indies

138 1842 278 1888 numero
301 1823 567 1904 frequentiorum
584 1844 669 1904 quae
686 1827 743 1904 per
757 1843 787 1884 se
800 1823 874 1904 ipso
890 1824 956 1885 fine
972 1823 1014 1884 ad
1031 1842 1128 1902 quem
1145 1830 1226 1884 nata

138 1913 217 1973 sunt
233 1905 285 1968 his
309 1908 510 1970 addicuntur
526 1907 737 1982 ministeriis;
755 1909 790 1985 b)
807 1905 891 1988 Ipsis
905 1907 1043 1967 statutis
1060 1904 1224 1986 positivis,

1309 1597 1324 1643 I
1326 1609 1386 1642 nimo
1400 1599 1439 1654 po-

1279 1655 1349 1700 sitive
1359 1654 1440 1700 redar-

1277 1716 1390 1770 guturlur.

137 1988 269 2068 quibus,
289 1991 316 2052 si
329 1991 493 2070 quaedam
505 2010 645 2052 munera
659 1990 769 2070 potius
787 1989 992 2070 deputantur
1004 1988 1224 2063 secularibus
1303 2060 1307 2066 1
1401 2051 1403 2056 ,

139 2070 204 2132 alia
220 2071 328 2152 magis
345 2074 513 2154 pertinere
527 2073 684 2134 videntur
699 2072 741 2134 ad
758 2074 932 2152 regulares
949 2071 970 2148 ¹,
989 2070 1022 2132 in
1038 2069 1226 2152 praecipuis

139 2160 252 2216 autem
280 2156 454 2218 Ecclesiae
483 2155 701 2235 dignitatibus
729 2154 860 2233 aequali
887 2155 961 2215 loco
982 2160 1022 2214 et
1047 2152 1124 2233 jure
1148 2161 1227 2212 sunt

138 2243 279 2317 uterque
292 2239 402 2299 clerus
416 2237 606 2315 constituti,
621 2241 652 2316 c)
668 2237 753 2318 Ipsis
770 2236 890 2298 litteris
904 2235 966 2298 SS.
980 2235 1180 2297 Pontificum
1194 2241 1227 2294 et

138 2319 565 2382 traditioneecclesiastica
580 2321 604 2395 ²,
619 2339 719 2400 quam
736 2338 842 2401 nuper
859 2319 1076 2380 confirmavit
1089 2317 1124 2380 S.
1139 2318 1227 2379 Pon-

139 2400 219 2462 tifex
231 2401 292 2464 SS.
306 2402 377 2464 Leo
389 2403 455 2466 PP.
468 2419 530 2466 xr11
543 2403 663 2466 litteris
676 2403 717 2464 ad
729 2403 805 2464 Em.
817 2401 975 2482 Archiep.
986 2395 1224 2476 Parisiensem,

137 2483 256 2564 gallice
279 2485 366 2547 datis
389 2508 427 2565 23
450 2487 523 2548 dec.
551 2509 640 2566 1900,
666 2487 697 2548 in
724 2485 856 2566 quibus,
882 2491 1017 2565 praeter
1035 2485 1131 2565 plura
1146 2483 1224 2560 alia,

137 2567 398 2648 votisreligiosis
412 2570 491 2631 bina
504 2569 743 2632 haecaffirmat
759 2567 899 2660 intendi,⁸
914 2567 1085 2649 propriam
1099 2565 1227 2648 perlec-

138 2649 265 2714 tionem
283 2661 316 2712 et
333 2652 522 2715 ministeria
539 2651 691 2716 caritatis
708 2670 789 2732 erga
805 2669 1007 2734 proximum.

172 2778 262 2852 Juvat
283 2781 382 2837 locum
406 2781 496 2839 istum
520 2781 706 2838 exscribere:
733 2803 746 2832 «
765 2777 808 2836 Le
822 2779 875 2835 but
887 2777 924 2835 de
943 2795 992 2835 ces
1013 2785 1229 2850 engagements

139 2859 200 2929 (des
212 2863 364 2939 religieux)
378 2875 422 2922 est
436 2865 544 2923 double
561 2884 567 2922 :
592 2863 712 2922 d’abord
734 2863 862 2921 d’e'lever
885 2864 927 2920 les
947 2879 1109 2936 personnes
1121 2862 1172 2934 qui
1187 2861 1229 2916 les

138 2944 311 3003 emettenta
326 2965 365 3004 un
380 2950 446 3020 plus
459 2950 532 3005 haut
544 2948 633 3020 degre
646 2949 682 3004 de
697 2946 876 3021 perlection;
892 2947 1008 3004 ensuite
1023 2947 1066 3004 les
1080 2947 1226 3019 preparet,

138 3044 176 3083 en
189 3027 315 3100 epurant
336 3040 365 3086 et
382 3049 420 3087 en
441 3030 584 3089 sortifiant
606 3033 684 3088 leurs
707 3031 800 3100 amca,
822 3032 840 3087 a
860 3049 901 3087 un
917 3031 1069 3087 ministare
1082 3028 1229 3085 exte'rieur

138 3111 189 3184 qui
202 3112 329 3171 s'exerce
341 3132 416 3187 pour
430 3116 457 3171 le
470 3116 548 3172 salut
562 3116 673 3174 eternel
687 3115 726 3172 du
742 3115 895 3188 prochain,
920 3124 949 3171 et
963 3131 1037 3187 pour
1051 3114 1077 3170 le
1094 3112 1228 3185 soulage·

137 3195 287 3254 mantiles
302 3198 425 3257 miseres
437 3198 462 3256 si
477 3199 672 3258 nombreuses
684 3198 721 3265 de
731 3197 924 3266 ,l'bumanite
946 3219 975 3268 »Ι
1008 3263 1011 3268 ¹

179 3309 270 3373 495.
285 3311 460 3372 Praesens
476 3311 682 3389 disciplina.
702 3332 729 3373 1.
748 3308 801 3371 Ad
817 3307 980 3370 Summum
995 3304 1226 3385 Pontificatum,

139 3389 390 3471 Cardinalahim,
429 3393 658 3474 Episcopatum,
696 3391 835 3474 produci
872 3396 1015 3472 possunt
1041 3390 1227 3468 Regulares

139 3493 245 3554 aeque
271 3494 311 3537 ac
337 3477 520 3539 seculares.
537 3477 656 3554 Immo,
673 3475 706 3539 in
724 3476 856 3538 Graeca
871 3480 967 3556 parte
982 3473 1167 3550 Ecclesiae,
1185 3473 1227 3533 ob

139 3556 380 3620 continentiam
397 3559 580 3641 perfectam
598 3579 664 3640 qua
679 3558 780 3620 etiam
804 3557 904 3638 hujus
927 3556 1012 3618 ritus
1035 3556 1227 3634 astringun-

109 3703 111 3708 .
139 3651 195 3702 tur
210 3641 379 3725 Episcopi,
398 3662 514 3706 omnes
531 3642 631 3724 hujus
647 3643 772 3724 gradus
796 3639 942 3702 Praelati
959 3658 999 3700 ex
1015 3639 1227 3700 monasteriis

138 3723 341 3788 educuntur.

180 3827 210 3870 2.
227 3807 278 3870 Ad
294 3827 416 3871 munus
437 3807 555 3872 Vicaiii
575 3805 739 3890 generalis,
764 3803 827 3868 nisi
843 3803 967 3867 fuerint
984 3801 1226 3883 mendicantes,

167 4068 222 4115 ¹Ut
239 4069 383 4129 antiquum
401 4082 581 4118 memoremus
596 4065 742 4116 decretum.
766 4063 841 4126 quod
860 4068 966 4129 spectat
985 4078 1009 4110 v.
1023 4077 1061 4122 gr.
1079 4061 1114 4110 ad
1131 4075 1229 4127 munus

139 4125 312 4182 Confessam,
321 4128 432 4175 inconc.
444 4127 608 4182 Nemaucmsi,
620 4123 672 4172 sub
681 4123 795 4172 Urbano
803 4137 832 4178 rr,
842 4123 956 4170 dicitur:
969 4139 978 4167 e
990 4123 1169 4185 Oportet'eos,
1180 4134 1228 4185 qur

137 4185 260 4231 seculum
270 4186 448 4243 reliquerunt,
460 4185 590 4243 majorem
601 4181 814 4230 sollicitudinem
830 4179 932 4230 habere
945 4193 994 4239 pro
1004 4185 1124 4243 peccatis
1141 4176 1229 4224 homi·

138 4254 204 4289 num
214 4254 301 4297 orare,
312 4253 340 4306 et
350 4244 411 4302 plus
422 4245 511 4292 valere
522 4256 616 4316 eorum
626 4250 743 4300 peccata
754 4242 948 4298 solverequam
959 4235 1112 4297 presbyteri
1125 4236 1229 4284 secula-

138 4300 448 4418 reidfidfiidlp'ldiubiitfi
461 4308 578 4412 iiiiiim
597 4358 623 4406 S.
641 4356 761 4404 Thomas
777 4356 814 4415 (q.
835 4358 886 4412 187)
904 4351 998 4414 arguit
1019 4365 1052 4400 ex
1077 4349 1129 4400 hac
1146 4349 1228 4400 tradi·

138 4414 227 4473 tione;
240 4421 266 4463 et
277 4428 319 4462 res
330 4421 405 4474 patet
415 4415 475 4474 ipsa
488 4415 682 4476 disquisitione
693 4414 826 4463 historica
837 4411 913 4461 facta·
922 4414 958 4463 ab
970 4409 1058 4459 initio.
1085 4481 1088 4486 Ι

1133 4508 1165 4562 20

1311 3341 1428 3388 Praesens

1282 3400 1418 3459 disciplina.

1311 3483 1348 3530 De
1357 3481 1441 3541 gradi·

1282 3541 1322 3609 lius
1333 3547 1410 3601 supre-

1283 3613 1328 3646 mis
1337 3613 1344 3651 ,·

1311 3838 1443 3885 Domuum

1287 3897 1382 3943 Vicarii
1392 3910 1428 3954 gc·

1282 3953 1380 4002 herulis.
