3148 5004
164 460 221 540 [17
223 457 345 538 2-176]
476 478 513 514 ns
528 477 696 514 nourssrous
711 477 742 513 nt
758 477 934 513 saumonem
1193 456 1251 518 105

192 613 212 666 t.
231 615 254 676 1,
273 611 326 666 ari.
348 612 407 678 4-653
433 613 579 668 Bizzarrr'
601 613 775 668 collectanea
793 614 848 671 etc.
876 615 996 681 Lucidi,
1025 614 1065 668 De
1091 611 1252 668 uisitatione

190 705 211 745 s.
225 687 376 753 liminum
389 687 565 755 Nervepna
577 687 616 741 lle
623 686 690 753 jare
698 689 830 755 practico
842 688 1034 758 Repulurium.

364 871 379 959 ἓ
416 887 448 944 1.
479 863 549 978 Da
563 866 772 970 poteslale
796 861 1049 945 adraillendi

211 1069 297 1136 174.
329 1069 368 1130 In
406 1069 601 1131 Ordinibus
637 1079 674 1132 et
704 1071 1052 1149 Congregationibus
1075 1069 1250 1147 religiosis
1305 1085 1461 1154 Juncomma

166 1156 338 1214 virorum.
358 1171 386 1214 1.
404 1151 588 1214 Admittere
603 1153 643 1213 ad
657 1152 878 1230 Novitiatum,
892 1151 1038 1234 pertinet
1051 1151 1093 1214 ad
1109 1150 1145 1214 S.
1162 1152 1250 1215 Pon·
1305 1157 1457 1200 navarorum,

166 1235 288 1297 tificem
305 1233 395 1295 etad
412 1232 570 1296 Ordinem
586 1238 640 1296 vel
655 1233 974 1314 Congregationem.

207 1339 238 1382 2.
264 1318 317 1378 Ex
338 1316 416 1398 jure
443 1316 612 1378 communi
645 1318 852 1398 regularium
880 1318 1043 1386 virorum,
1069 1322 1250 1379 exercetur

164 1400 308 1462 facultas
331 1398 466 1461 Ordinis
488 1419 547 1481 pr
563 1406 677 1462 actum
693 1400 924 1481 capitularem.
941 1398 1012 1461 Clr.
1029 1398 1100 1461 CC.
1114 1397 1200 1460 Stxa·
1214 1415 1248 1476 v,

162 1482 243 1546 Cum
258 1480 295 1542 de
310 1480 471 1551 arnaldum
492 1481 545 1543 Ad
559 1483 753 1551 Romanum:
777 1481 927 1546 Clamant.
946 1498 1020 1558 vm,
1037 1483 1074 1543 Iu
1095 1485 1249 1562 suprema.

163 1565 229 1627 Sed
244 1564 456 1648 potissimum
478 1563 723 1645 respiciendum
746 1572 798 1628 est
821 1566 863 1628 ad
890 1565 1149 1628 constitutiones
1173 1584 1250 1646 pro-

165 1647 255 1729 prias
270 1648 398 1709 Romae
421 1646 640 1729 approbatas,
664 1667 724 1729 per
746 1667 830 1729 quas
852 1667 953 1732 saepe
970 1645 1049 1710 huit
1066 1647 1138 1730 juri
1154 1647 1251 1709 dero·
1312 1650 1315 1657 '

165 1736 296 1810 gatum.

207 1810 286 1874 Sive
302 1810 461 1873 Instituta
475 1809 542 1873 sint
559 1818 715 1894 exempta
732 1812 803 1875 sive
820 1832 899 1890 non,
917 1814 989 1876 sive
1005 1812 1154 1875 habeant
1170 1819 1252 1875 vota

164 1892 352 1971 sollemnia,
362 1893 619 1976 sivesimplicia:
635 1895 754 1976 dejure
766 1895 933 1975 communi,
943 1894 1080 1959 licentia
1092 1894 1253 1977 Episcopi

166 1995 234 2039 non
251 1987 303 2037 est
319 1975 492 2057 requisita.

217 2058 304 2125 175.
320 2061 385 2122 Pro
399 2057 494 2121 Italia
519 2065 553 2122 et
574 2059 692 2122 insulis
708 2061 953 2138 ad'acentibus,
970 2059 1160 2123 servandae
1175 2064 1254 2121 sunt
1308 2068 1468 2175 rupeculam

170 2140 406 2222 dispositiones
422 2143 548 2204 decreti
562 2141 718 2226 Regularr'
731 2082 910 2226 disciplinae
925 2161 963 2223 25
976 2143 1048 2224 jan.
1069 2147 1160 2224 1848.
1186 2158 1192 2186 l
1309 2130 1350 2176 lta
1361 2143 1405 2176 Μ’·

211 2225 265 2287 Ex
279 2225 343 2287 hoc
359 2227 497 2288 decreto
513 2225 536 2302 ¹,
564 2245 630 2306 quo
663 2233 822 2288 tenentur
844 2226 987 2290 Ordines
1010 2232 1043 2287 et
1060 2224 1255 2305 Congrege-

168 2305 278 2369 tiones
302 2316 460 2372 votorum
485 2306 697 2390 simplicium,
722 2309 950 2373 constituendi
973 2315 1053 2370 sunt
1069 2328 1090 2370 a
1105 2305 1255 2388 capitulo

167 2389 365 2471 provinciali
388 2398 518 2471 septem
541 2391 790 2455 examinatores
813 2391 1050 2475 provinciales,
1078 2391 1254 2470 generales

167 2491 260 2550 vero,
289 2481 359 2536 tres
386 2475 506 2536 saltem
534 2492 689 2552 numeru,
717 2495 737 2536 a
765 2476 913 2557 capitulo
939 2473 1108 2554 generali3
1140 2473 1188 2535 ita
1217 2477 1255 2534 ut

162 2555 286 2637 singuli
302 2555 472 2618 candidati
488 2555 609 2639 duplici
626 2557 825 2640 subjaceant
841 2557 1018 2620 scrutinio
1035 2557 1073 2618 In
1085 2558 1254 2618 alterutro

160 2638 321 2720 rejectuS,
336 2639 407 2720 jam
424 2635 538 2717 nequit
553 2638 681 2701 admitti
696 2661 716 2702 a
733 2640 931 2722 Superiore;
949 2640 1160 2722 approbatus
1171 2656 1254 2700 vero

160 2721 194 2782 in
220 2729 379 2801 utroque,
411 2719 503 2802 rejici
531 2728 643 2802 potest
668 2723 779 2804 justas
803 2725 846 2785 ob
869 2733 992 2785 causas
1021 2741 1042 2783 a
1072 2720 1254 2802 Superiore

162 2803 361 2884 posterioris
387 2803 551 2880 scrutinii,
571 2805 626 2885 qui
643 2814 695 2867 est
712 2805 902 2885 GeneraliS,
920 2807 973 2868 vel
993 2806 1027 2868 in
1050 2812 1144 2867 certo
1171 2823 1254 2865 casu

165 2887 374 2949 Procurator
396 2885 573 2949 Generalis
595 2886 742 2951 Ordinis,

212 2967 369 3049 Quolibet
398 2968 554 3031 semestri
589 2968 779 3049 intervall0,
818 2971 1002 3033 summaria
1032 2968 1151 3032 relatio
1182 2967 1254 3032 fieri

171 3049 271 3112 debet
286 3049 327 3110 ad
344 3050 379 3112 S.
393 3051 432 3115 C.
445 3052 555 3133 Super
570 3057 662 3115 statu
679 3053 885 3135 regularium
901 3054 940 3115 de
957 3053 1093 3116 novitiis
1109 3051 1255 3135 receptis

172 3138 206 3195 et
222 3130 262 3193 de
279 3133 399 3195 ceteris
415 3153 501 3215 quae
518 3134 581 3197 hoc
598 3135 735 3198 decreto
751 3135 987 3217 injunguntur.

205 3213 312 3278 Secus
334 3214 422 3278 facta
445 3218 593 3298 receptio
609 3217 720 3280 valida
739 3226 801 3295 est,
827 3228 864 3279 ut
888 3228 921 3279 et
943 3218 1152 3298 subsequens
1165 3215 1255 3298 ipro·

168 3296 282 3375 fessi0,
300 3299 357 3360 sed
373 3298 487 3362 illicita
505 3301 613 3379 (Decl.
633 3305 669 3364 16
683 3302 761 3385 Jan.
782 3307 871 3380 1852.
889 3299 981 3362 Bizz.
999 3319 1031 3381 p.
1049 3307 1087 3378 89
1111 3302 1135 3377 l.

213 3379 300 3446 176.
317 3381 478 3464 Receptio
493 3385 702 3446 monialium
718 3383 756 3446 fit
775 3384 971 3465 plerumque
987 3323 1210 3472 capituiariler.
1229 3462 1233 3472 .
1338 3399 1405 3469 Qua
1423 3400 1456 3448 aa

212 3487 226 3518 ‹
264 3463 304 3526 In
332 3463 532 3544 quibusdam
562 3465 754 3546 regionibus
784 3473 961 3549 praeterea
980 3463 1110 3547 episcopi
1127 3461 1253 3525 licentur
1307 3457 1428 3508 moniales.

166 3543 340 3627 impetrari
352 3547 449 3624 solet,
463 3546 562 3629 idque
575 3568 617 3610 ex
630 3550 873 3612 consuetudine
888 3548 995 3629 magis
1012 3567 1112 3628 quam
1128 3564 1170 3608 ex
1182 3547 1260 3627 jure

166 3626 305 3710 scripto,
321 3655 339 3712 »Ι
349 3629 401 3692 Ita
413 3630 589 3712 Aichner§
604 3652 672 3712 137,
684 3654 735 3709 21,
746 3633 801 3712 qui
814 3632 861 3694 sic
871 3634 995 3714 optime
1005 3628 1105 3693 solvit
1121 3629 1259 3692 dubium

169 3711 258 3791 quod
273 3711 361 3773 inter
376 3711 558 3795 scriptores
574 3714 855 3777 controvertitur.

203 3815 308 3872 Plures
320 3817 402 3874 enirn
422 3818 544 3890 exigunt
562 3836 741 3876 consensum
762 3819 913 3892 Episcopi.
935 3818 980 3876 Ita
995 3818 1163 3892 Pignarelli,
1179 3827 1202 3875 t.
1216 3833 1258 3876 ιν.
1278 3818 1281 3824 ’

169 3887 304 3953 Censuit.
321 3911 381 3969 171,
398 3915 429 3954 n.
444 3915 472 3970 4,
488 3895 616 3954 referens
628 3917 805 3972 responsum
826 3897 858 3956 S.
872 3900 907 3957 C.
925 3899 981 3972 Ep.
1003 3909 1031 3955 et
1047 3899 1124 3970 Reg;
1147 3897 1222 3967 Piar,
1237 3915 1258 3968 1,

169 3991 199 4048 p.
212 3974 258 4049 89.
273 3974 361 4051 Quod
376 3990 466 4049 negat
479 3977 615 4048 Fagnani
635 3979 665 4034 in
685 3979 719 4036 C.
735 3979 919 4047 Porrectum,
942 3975 991 4035 De
1003 3974 1152 4056 Regulur.
1166 3996 1197 4034 n.
1211 3993 1258 4050 30·

168 4053 280 4112 Suarez
302 4066 397 4128 putat,
420 4069 535 4113 attento
558 4059 713 4114 communi
734 4076 800 4127 usu,
829 4059 937 4131 requiri
961 4058 1112 4115 licentiam
1137 4057 1260 4131 praelati

168 4135 249 4210 apud
272 4152 362 4208 quern
385 4145 429 4191 est
449 4135 624 4211 jurisdictio.
660 4137 741 4196 Huic
772 4138 972 4210 astipulantur
1002 4137 1183 4206 Pellizarius,
1212 4133 1261 4194 De

170 4207 303 4272 Monial.
316 4232 343 4272 c.
357 4231 384 4272 2.
399 4232 428 4288 q.
442 4231 479 4286 23
493 4215 642 4288 Craisson,
658 4217 739 4290 2642.

200 4445 209 4480 ¹
220 4444 369 4495 Decretum
379 4446 478 4497 damus
489 4445 559 4496 inter
569 4446 735 4497 documenta
746 4447 860 4498 alterius
870 4444 1026 4497 voluminis.
