3138 5014
140 472 321 552 [406-410]
484 495 520 530 uu
537 494 710 530 muraneum
725 493 877 530 mremour
1165 470 1226 533 ΜΒ

138 635 175 691 ut
192 631 320 692 nullum
338 629 485 709 deligant
502 629 729 712 Superiorem,
755 629 813 691 sed
837 628 1048 713 potissimum
1063 628 1224 710 deputent

138 711 316 794 religiosos
325 713 560 794 adcapitulum
570 713 785 794 generalevel
795 711 1223 794 generalemSuperiorem.

180 795 365 872 Interdum,
394 795 594 879 praesertim
610 795 643 858 in
665 794 832 857 institutis
848 794 1036 874 mulierum,
1063 794 1225 856 statuitur

138 876 248 960 ipsum
266 896 338 940 esse
355 879 456 942 tertio
472 897 605 960 quoque
620 897 709 940 anno
723 876 924 958 cogendum.

180 961 271 1026 410.
300 983 328 1025 1.
347 963 521 1024 Generale
544 963 741 1039 capitulum
764 960 865 1022 etiam
888 959 942 1023 hic
964 977 1118 1023 saturanum
1132 964 1224 1024 tenet

138 1043 172 1106 in
188 1043 351 1106 instituto
360 1047 553 1126 potestatem.
570 1045 684 1127 Quare
700 1043 733 1106 in
749 1062 788 1106 eo
803 1062 824 1106 a·

180 1126 212 1203 a)
229 1126 330 1189 Ratio
346 1147 366 1188 a
383 1126 541 1190 Generali
557 1135 590 1189 et
606 1126 808 1208 quandoque
823 1126 866 1188 ab
881 1125 954 1189 aliis
982 1124 1222 1210 Superioribus

139 1207 290 1272 redditur
305 1209 346 1272 de
361 1229 500 1273 munere
517 1229 583 1290 quo
599 1214 679 1272 sunt
695 1207 862 1291 perfuncti
868 1226 880 1277 ;

180 1291 213 1370 b)
230 1291 404 1355 Generalis
421 1292 556 1374 eligitur
571 1299 605 1354 et
620 1292 641 1355 ii
658 1291 714 1373 qui
729 1291 791 1374 ipsi
807 1291 931 1354 adsunt
946 1311 966 1353 a
982 1291 1142 1354 consiliis,
1160 1291 1225 1373 Qui

138 1373 240 1438 etiam
256 1374 330 1438 loco
346 1377 475 1440 moveri
486 1380 640 1458 possunt,
659 1375 721 1438 nisi
749 1376 833 1438 haec
850 1393 955 1437 causa
969 1373 1005 1438 S.
1023 1374 1100 1439 Sedi
1117 1393 1225 1437 reser-

138 1463 255 1534 vetur;

180 1542 210 1617 c)
233 1540 284 1602 De
307 1541 462 1604 omnibus
484 1539 690 1604 deliberatur
714 1541 859 1621 negotiis
884 1559 969 1622 quae
992 1540 1129 1623 majoris
1158 1540 1224 1602 sint

140 1622 314 1687 momenti.

180 1703 252 1767 Nisi
269 1711 382 1767 tamen
403 1724 600 1768 concessum
624 1705 667 1767 sit
691 1707 861 1787 peculiare
884 1704 1106 1788 privilegium,
1125 1706 1224 1769 Insti-

140 1791 215 1848 tuta
231 1793 388 1849 votorum
407 1787 604 1870 simplicium
631 1795 748 1850 carent
770 1789 1015 1870 jurisdictione.
1033 1789 1147 1872 Quare
1163 1809 1224 1852 nec

139 1867 219 1951 leges
228 1868 352 1951 proprie
364 1868 438 1932 tales
450 1869 561 1933 facere
573 1871 699 1949 valent,
714 1872 980 1952 necquicquam,
995 1871 1067 1934 sine
1079 1872 1114 1936 S.
1129 1872 1224 1936 Sedis

141 1952 359 2030 auctoritate,
378 1953 410 2015 in
427 1951 734 2016 Constitutionibus
750 1960 894 2018 mutare.

182 2056 212 2097 2.
242 2033 398 2118 Capitulo
420 2036 569 2116 generali
591 2035 755 2098 interesse
777 2039 898 2114 solent,
922 2043 1058 2119 praeter
1074 2036 1224 2100 Genera-

139 2116 204 2179 lem
220 2136 297 2180 cum
313 2118 557 2181 Assistentibus
568 2138 628 2181 seu
645 2119 856 2197 consiliariiS,
874 2118 1073 2202 Superiores
1089 2120 1225 2202 provin·

141 2199 243 2262 ciales
270 2207 303 2262 et
330 2199 432 2280 aliqui
458 2200 609 2282 deputati
632 2221 652 2263 a
675 2200 829 2282 capitulis
852 2202 1127 2282 provincialibus.
1144 2203 1224 2265 Per·

141 2288 242 2364 petua
268 2282 357 2345 enim
385 2289 436 2345 est
451 2283 563 2345 cautio
589 2289 638 2360 ut,
667 2290 804 2366 praeter
820 2284 1031 2366 SuperioreS,
1050 2284 1162 2347 adsint
1185 2305 1226 2347 ex

140 2364 282 2428 subditis
298 2364 450 2428 nonnulli
466 2366 700 2429 communibus
716 2365 884 2447 suffragiis
900 2366 1079 2448 designati.

176 2455 263 2532 Quod
276 2453 318 2516 ad
328 2454 460 2528 Sororem
473 2459 502 2534 a)
517 2457 548 2516 Si
561 2475 623 2516 non
637 2461 697 2516 sint
707 2459 887 2532 provinciae,
900 2459 1083 2516 conveniunt
1096 2459 1126 2516 in
1137 2459 1226 2534 Capi-

139 2542 235 2599 tulum
246 2542 394 2616 generale,
405 2554 520 2616 praeter
529 2541 761 2617 Superiorissam
772 2546 941 2618 generalem
955 2563 1025 2602 cum
1038 2546 1224 2616 consiliariis,

139 2641 239 2684 ontnes
257 2619 482 2704 Superiorissae
494 2623 655 2686 domorum
673 2627 801 2704 alicujus
819 2628 975 2698 momenti,
998 2629 1017 2686 i.
1032 2645 1058 2685 e.
1074 2627 1103 2684 in
1118 2629 1226 2701 quibus

140 2727 168 2767 v.
188 2727 232 2782 gr.
251 2720 475 2769 commorentur
496 2713 603 2770 saltem
625 2729 677 2769 sex
697 2729 812 2769 sorores
830 2714 921 2769 choro
940 2713 1099 2786 deputatae
1112 2709 1147 2786 (si
1167 2713 1226 2770 duo

139 2811 273 2852 sororum
284 2795 344 2852 sint
356 2797 495 2869 ordines);
508 2806 537 2854 et
546 2815 582 2855 ex
592 2795 717 2870 singulis
731 2795 903 2872 hujusmodi
913 2797 1052 2854 domibus
1063 2814 1146 2853 soror
1154 2815 1225 2867 una,

140 2875 281 2949 suffragio
304 2878 502 2950 professarum
525 2881 610 2937 istius
632 2881 741 2937 domus
762 2881 907 2954 delegata.
929 2879 1015 2956 Quae
1038 2881 1075 2938 ad
1096 2883 1228 2939 minores

140 2960 249 3016 domus
270 2962 418 3033 pertinent
438 2981 553 3021 sorores
571 2963 649 3020 aliae
670 2964 707 3021 ad
729 2965 803 3021 alias
827 2964 975 3022 accedunt
997 2965 1093 3023 donec
1112 2984 1147 3024 eo
1168 2967 1227 3024 sint

141 3059 267 3099 numero
279 3044 329 3117 qui
343 3044 488 3101 minimus
500 3047 675 3118 requiratur.

177 3127 207 3202 b)
220 3125 261 3197 Si,
277 3136 390 3199 contra,
404 3129 464 3184 sint
478 3130 576 3203 plures
589 3130 768 3202 provinciae,
780 3132 918 3202 generale
931 3132 1095 3205 capitulum
1111 3143 1227 3191 constat

142 3209 336 3269 Moderatrice
350 3229 500 3285 suprema,
508 3211 533 3289 ej
539 3230 574 3269 us
586 3212 810 3282 AssistentibuS,
825 3214 966 3270 omnibus
980 3214 1225 3284 Provincialibus,

141 3313 177 3352 ac
198 3304 348 3369 praeterea
361 3295 449 3367 binis,
463 3314 499 3356 ex
520 3297 646 3368 singulis
670 3296 840 3370 provinciis,
854 3297 1004 3353 sororibus
1027 3297 1170 3368 delegatis
1188 3298 1226 3353 ab

140 3379 207 3436 aliis
229 3395 306 3452 quae
330 3378 368 3436 ab
394 3378 508 3452 aliquot
531 3379 620 3436 annis
641 3387 712 3436 sunt
734 3377 890 3453 professae.
920 3377 986 3436 Hae
1008 3377 1148 3452 suffragia
1172 3397 1227 3437 sua

141 3472 253 3521 secreta
273 3463 407 3536 propriae
426 3464 546 3520 tradunt
563 3461 781 3536 Superiorissae
795 3462 941 3520 mittenda
959 3461 996 3520 ad
1008 3463 1225 3520 Provincialem

141 3565 300 3623 quaecum
314 3547 490 3606 consiliariis
503 3548 654 3622 cognoscit
666 3547 842 3604 scrutinium
856 3558 876 3605 ¹.

184 3655 214 3713 3.
246 3633 343 3717 Quod
369 3632 411 3696 ad
431 3633 532 3696 locum
558 3633 654 3696 istius
682 3631 830 3715 capituli,
858 3634 944 3696 solet
967 3653 1041 3697 esse
1067 3633 1227 3717 primaria

142 3717 262 3780 domus
278 3716 439 3796 Instituti,
464 3716 526 3780 nisi
549 3715 722 3800 Superiori
746 3735 822 3778 cum
841 3716 1039 3781 consiliariis
1062 3719 1226 3799 quaedam

143 3799 238 3883 optio
253 3799 439 3882 linquatur.
837 3805 840 3810 ’

183 3902 215 3960 4.
243 3883 340 3975 Quod
366 3882 408 3946 ad
438 3887 564 3965 lempna,
593 3883 779 3964 cogendum
808 3889 859 3946 est
886 3901 963 3944 cum
988 3883 1159 3965 eligendus
1175 3891 1225 3948 est

143 3964 304 4048 Superior
326 3966 506 4047 generalia,
524 3973 557 4028 et
573 3974 650 4049 post
666 3965 845 4028 intervalla
861 3964 1035 4046 (singulos,
1054 3974 1136 4048 tres,
1154 3987 1224 4048 sex,

143 4048 258 4109 decem
271 4050 391 4126 annos)
406 4047 712 4120 Constitutionibus
730 4049 887 4111 indicata.
902 4049 947 4112 Ut
962 4058 1058 4112 extra
1074 4056 1226 4133 tempora

144 4136 380 4273 pongregetur,
405 4132 601 4214 plerumque
625 4133 808 4214 requiritur
831 4132 1077 4212 beneplacitum
1094 4146 1229 4218 aposto-

156 4230 258 4275 rcum.

172 4395 179 4429 1
195 4395 237 4442 Ita
253 4394 348 4442 saltem
366 4393 449 4443 alicui
469 4393 598 4446 Instituto
617 4393 760 4446 definitum
778 4403 827 4456 est,
847 4415 875 4449 22
894 4398 959 4449 maii
980 4407 1045 4461 1896.
1065 4403 1234 4461 Battandier‚

144 4465 188 4513 op.
199 4463 223 4500 c.
236 4465 264 4502 n.
277 4457 332 4511 205,
344 4465 372 4513 p.
386 4468 436 4511 170.

1279 810 1435 858 Convocatio.

1312 988 1437 1037 Generalis

1279 1047 1377 1106 capituli
1395 1049 1437 1107 po·

1281 1109 1365 1158 testas:

1280 2072 1435 2129 Constitutio,

1278 2474 1432 2522 Nominntim

1278 2531 1339 2592 apud
1370 2546 1436 2579 soro-

1278 2605 1314 2636 res
1323 2604 1329 2647 ;
