<?xml version="1.0" encoding="UTF-8"?>
<!DOCTYPE html PUBLIC "-//W3C//DTD XHTML 1.0 Transitional//EN"
    "http://www.w3.org/TR/xhtml1/DTD/xhtml1-transitional.dtd">
<html xmlns="http://www.w3.org/1999/xhtml" xml:lang="en" lang="en">
 <head>
  <title>
</title>
<meta http-equiv="Content-Type" content="text/html;charset=utf-8" />
  <meta name='ocr-system' content='tesseract 3.04.00' />
  <meta name='ocr-capabilities' content='ocr_page ocr_carea ocr_par ocr_line ocrx_word'/>
</head>
<body>
  <div class='ocr_page' id='page_1' title='image "./dereligiosisins00vermgoog_0106.png"; bbox 0 0 3148 5004; ppageno 0'>
   <div class='ocr_carea' id='block_1_1' title="bbox 161 479 1244 574">
    <p class='ocr_par' dir='ltr' id='par_1_1' title="bbox 161 479 1244 574">
     <span class='ocr_line' id='line_1_1' title="bbox 161 479 1244 574; baseline -0.003 -21"><span class='ocrx_word' id='word_1_1' title='bbox 161 494 333 574; x_wconf 64' lang='lat'><strong><em>[115417]</em></strong></span> <span class='ocrx_word' id='word_1_2' title='bbox 453 514 489 549; x_wconf 81' lang='lat' dir='ltr'>un</span> <span class='ocrx_word' id='word_1_3' title='bbox 506 513 649 549; x_wconf 76' lang='lat' dir='ltr'>aurosum</span> <span class='ocrx_word' id='word_1_4' title='bbox 664 513 741 548; x_wconf 79' lang='lat' dir='ltr'>norro</span> <span class='ocrx_word' id='word_1_5' title='bbox 757 514 943 550; x_wconf 69' lang='lat' dir='ltr'>recursurum</span> <span class='ocrx_word' id='word_1_6' title='bbox 1210 479 1244 550; x_wconf 76' lang='lat' dir='ltr'>&#39;ii</span> 
     </span>
    </p>
   </div>
   <div class='ocr_carea' id='block_1_2' title="bbox 104 646 1259 3206">
    <p class='ocr_par' dir='ltr' id='par_1_2' title="bbox 104 646 1252 1393">
     <span class='ocr_line' id='line_1_2' title="bbox 104 646 1250 731; baseline -0.003 -19"><span class='ocrx_word' id='word_1_7' title='bbox 104 653 108 662; x_wconf 87' lang='lat'><em>&#39;</em></span> <span class='ocrx_word' id='word_1_8' title='bbox 161 655 252 712; x_wconf 90' lang='lat' dir='ltr'>ment</span> <span class='ocrx_word' id='word_1_9' title='bbox 268 649 308 712; x_wconf 89' lang='lat' dir='ltr'>de</span> <span class='ocrx_word' id='word_1_10' title='bbox 335 650 425 731; x_wconf 83' lang='lat' dir='ltr'>stylo</span> <span class='ocrx_word' id='word_1_11' title='bbox 442 649 557 711; x_wconf 89' lang='lat' dir='ltr'>curiae</span> <span class='ocrx_word' id='word_1_12' title='bbox 574 667 647 710; x_wconf 88' lang='lat' dir='ltr'>esse</span> <span class='ocrx_word' id='word_1_13' title='bbox 674 655 711 710; x_wconf 91' lang='lat' dir='ltr'>ut</span> <span class='ocrx_word' id='word_1_14' title='bbox 735 647 806 710; x_wconf 88' lang='lat' dir='ltr'>sine</span> <span class='ocrx_word' id='word_1_15' title='bbox 833 647 1040 710; x_wconf 85' lang='lat' dir='ltr'>auctoritate</span> <span class='ocrx_word' id='word_1_16' title='bbox 1064 646 1250 728; x_wconf 89' lang='lat' dir='ltr'>apostolica</span> 
     </span>
     <span class='ocr_line' id='line_1_3' title="bbox 161 731 1250 813; baseline -0.005 -18"><span class='ocrx_word' id='word_1_17' title='bbox 161 753 228 795; x_wconf 92' lang='lat' dir='ltr'>non</span> <span class='ocrx_word' id='word_1_18' title='bbox 264 732 444 794; x_wconf 86' lang='lat' dir='ltr'>inducatur</span> <span class='ocrx_word' id='word_1_19' title='bbox 483 733 641 793; x_wconf 83' lang='lat' dir='ltr'>clausura</span> <span class='ocrx_word' id='word_1_20' title='bbox 678 731 807 813; x_wconf 84' lang='lat' dir='ltr'>papalis</span> <span class='ocrx_word' id='word_1_21' title='bbox 845 750 910 811; x_wconf 90' lang='lat' dir='ltr'>qua</span> <span class='ocrx_word' id='word_1_22' title='bbox 948 731 1164 792; x_wconf 88' lang='lat' dir='ltr'>muniendum</span> <span class='ocrx_word' id='word_1_23' title='bbox 1198 737 1250 790; x_wconf 89' lang='lat' dir='ltr'>est</span> 
     </span>
     <span class='ocr_line' id='line_1_4' title="bbox 163 814 1251 891; baseline -0.004 -13"><span class='ocrx_word' id='word_1_24' title='bbox 163 815 406 878; x_wconf 90' lang='lat' dir='ltr'>monasterium</span> <span class='ocrx_word' id='word_1_25' title='bbox 434 820 592 875; x_wconf 89' lang='lat' dir='ltr'>votorum</span> <span class='ocrx_word' id='word_1_26' title='bbox 620 814 844 891; x_wconf 77' lang='lat' dir='ltr'>sollemnium,</span> <span class='ocrx_word' id='word_1_27' title='bbox 875 832 942 874; x_wconf 90' lang='lat' dir='ltr'>non</span> <span class='ocrx_word' id='word_1_28' title='bbox 974 820 1086 875; x_wconf 91' lang='lat' dir='ltr'>tamen</span> <span class='ocrx_word' id='word_1_29' title='bbox 1116 819 1251 874; x_wconf 82' lang='lat' dir='ltr'>constat</span> 
     </span>
     <span class='ocr_line' id='line_1_5' title="bbox 164 895 1250 978; baseline -0.003 -19"><span class='ocrx_word' id='word_1_30' title='bbox 164 897 289 978; x_wconf 87' lang='lat' dir='ltr'>requiri</span> <span class='ocrx_word' id='word_1_31' title='bbox 315 896 563 978; x_wconf 84' lang='lat' dir='ltr'>beneplacitum</span> <span class='ocrx_word' id='word_1_32' title='bbox 591 896 824 974; x_wconf 83' lang='lat' dir='ltr'>apostolicum.</span> <span class='ocrx_word' id='word_1_33' title='bbox 853 896 889 958; x_wconf 87' lang='lat' dir='ltr'>Id</span> <span class='ocrx_word' id='word_1_34' title='bbox 916 907 1017 976; x_wconf 86' lang='lat' dir='ltr'>negat</span> <span class='ocrx_word' id='word_1_35' title='bbox 1043 895 1163 972; x_wconf 85' lang='lat' dir='ltr'>Bouix,</span> <span class='ocrx_word' id='word_1_36' title='bbox 1189 913 1250 956; x_wconf 89' lang='lat' dir='ltr'>nec</span> 
     </span>
     <span class='ocr_line' id='line_1_6' title="bbox 164 977 1251 1061; baseline -0.005 -19"><span class='ocrx_word' id='word_1_37' title='bbox 164 980 298 1044; x_wconf 88' lang='lat' dir='ltr'>videtur</span> <span class='ocrx_word' id='word_1_38' title='bbox 322 979 424 1042; x_wconf 88' lang='lat' dir='ltr'>fuisse</span> <span class='ocrx_word' id='word_1_39' title='bbox 451 987 583 1041; x_wconf 90' lang='lat' dir='ltr'>certum</span> <span class='ocrx_word' id='word_1_40' title='bbox 608 980 643 1043; x_wconf 86' lang='lat' dir='ltr'>S.</span> <span class='ocrx_word' id='word_1_41' title='bbox 661 978 935 1059; x_wconf 74' lang='lat' dir='ltr'>Congregationi,</span> <span class='ocrx_word' id='word_1_42' title='bbox 953 979 1073 1061; x_wconf 90' lang='lat' dir='ltr'>quippe</span> <span class='ocrx_word' id='word_1_43' title='bbox 1097 997 1193 1058; x_wconf 91' lang='lat' dir='ltr'>quae,</span> <span class='ocrx_word' id='word_1_44' title='bbox 1218 977 1251 1038; x_wconf 90' lang='lat' dir='ltr'>in</span> 
     </span>
     <span class='ocr_line' id='line_1_7' title="bbox 165 1058 1252 1144; baseline -0.004 -19"><span class='ocrx_word' id='word_1_45' title='bbox 165 1071 301 1125; x_wconf 88' lang='lat' dir='ltr'>recente</span> <span class='ocrx_word' id='word_1_46' title='bbox 318 1082 421 1124; x_wconf 86' lang='lat' dir='ltr'>causa</span> <span class='ocrx_word' id='word_1_47' title='bbox 436 1061 716 1139; x_wconf 89' lang='lat' dir='ltr'>Ruremondensi,</span> <span class='ocrx_word' id='word_1_48' title='bbox 735 1063 813 1124; x_wconf 89' lang='lat' dir='ltr'>dum</span> <span class='ocrx_word' id='word_1_49' title='bbox 829 1086 836 1118; x_wconf 72' lang='lat' dir='ltr'>i</span> <span class='ocrx_word' id='word_1_50' title='bbox 850 1082 870 1122; x_wconf 89' lang='lat' dir='ltr'>x</span> <span class='ocrx_word' id='word_1_51' title='bbox 895 1059 1026 1123; x_wconf 84' lang='lat' dir='ltr'>deiectu</span> <span class='ocrx_word' id='word_1_52' title='bbox 1048 1058 1252 1144; x_wconf 28' lang='lat' dir='ltr'>‘beneplaciti</span> 
     </span>
     <span class='ocr_line' id='line_1_8' title="bbox 166 1144 1252 1228; baseline -0.004 -21"><span class='ocrx_word' id='word_1_53' title='bbox 166 1145 341 1228; x_wconf 81' lang='lat' dir='ltr'>apostolici</span> <span class='ocrx_word' id='word_1_54' title='bbox 370 1145 552 1206; x_wconf 87' lang='lat' dir='ltr'>Consultor</span> <span class='ocrx_word' id='word_1_55' title='bbox 567 1144 710 1226; x_wconf 75' lang='lat' dir='ltr'>eruisset</span> <span class='ocrx_word' id='word_1_56' title='bbox 726 1155 807 1206; x_wconf 85' lang='lat' dir='ltr'>vota</span> <span class='ocrx_word' id='word_1_57' title='bbox 824 1144 1034 1223; x_wconf 89' lang='lat' dir='ltr'>quarundam</span> <span class='ocrx_word' id='word_1_58' title='bbox 1058 1144 1252 1204; x_wconf 76' lang='lat' dir='ltr'>monialium</span> 
     </span>
     <span class='ocr_line' id='line_1_9' title="bbox 164 1223 1251 1309; baseline -0.004 -19"><span class='ocrx_word' id='word_1_59' title='bbox 164 1248 231 1291; x_wconf 92' lang='lat' dir='ltr'>non</span> <span class='ocrx_word' id='word_1_60' title='bbox 247 1227 396 1309; x_wconf 89' lang='lat' dir='ltr'>potuisse</span> <span class='ocrx_word' id='word_1_61' title='bbox 423 1246 497 1294; x_wconf 91' lang='lat' dir='ltr'>esse</span> <span class='ocrx_word' id='word_1_62' title='bbox 512 1226 698 1302; x_wconf 87' lang='lat' dir='ltr'>sollemnia,</span> <span class='ocrx_word' id='word_1_63' title='bbox 717 1227 788 1309; x_wconf 91' lang='lat' dir='ltr'>ipsa</span> <span class='ocrx_word' id='word_1_64' title='bbox 805 1226 976 1308; x_wconf 71' lang='lat' dir='ltr'><strong>respondit</strong></span> <span class='ocrx_word' id='word_1_65' title='bbox 992 1227 1034 1289; x_wconf 94' lang='lat' dir='ltr'>ad</span> <span class='ocrx_word' id='word_1_66' title='bbox 1050 1240 1106 1306; x_wconf 62' lang='lat'>3⁸⁰¹</span> <span class='ocrx_word' id='word_1_67' title='bbox 1127 1223 1251 1287; x_wconf 79' lang='lat' dir='ltr'>Dilata.</span> 
     </span>
     <span class='ocr_line' id='line_1_10' title="bbox 168 1309 709 1393; baseline -0.004 -20"><span class='ocrx_word' id='word_1_68' title='bbox 168 1309 294 1374; x_wconf 86' lang='lat' dir='ltr'>Cfr.A.</span> <span class='ocrx_word' id='word_1_69' title='bbox 313 1310 349 1373; x_wconf 89' lang='lat' dir='ltr'>S.</span> <span class='ocrx_word' id='word_1_70' title='bbox 366 1310 401 1373; x_wconf 89' lang='lat' dir='ltr'>S.</span> <span class='ocrx_word' id='word_1_71' title='bbox 419 1316 444 1373; x_wconf 88' lang='lat' dir='ltr'>t.</span> <span class='ocrx_word' id='word_1_72' title='bbox 465 1328 515 1389; x_wconf 90' lang='lat'>27,</span> <span class='ocrx_word' id='word_1_73' title='bbox 534 1330 565 1393; x_wconf 93' lang='lat' dir='ltr'>p.</span> <span class='ocrx_word' id='word_1_74' title='bbox 584 1316 640 1389; x_wconf 81' lang='lat'>631</span> <span class='ocrx_word' id='word_1_75' title='bbox 660 1329 709 1389; x_wconf 93' lang='lat' dir='ltr'>sq.</span> 
     </span>
    </p>

    <p class='ocr_par' dir='ltr' id='par_1_3' title="bbox 165 1387 1257 2052">
     <span class='ocr_line' id='line_1_11' title="bbox 209 1387 1254 1474; baseline -0.003 -20"><span class='ocrx_word' id='word_1_76' title='bbox 209 1415 238 1474; x_wconf 79' lang='lat'>3.</span> <span class='ocrx_word' id='word_1_77' title='bbox 255 1394 304 1456; x_wconf 82' lang='lat' dir='ltr'>Dc</span> <span class='ocrx_word' id='word_1_78' title='bbox 319 1413 455 1470; x_wconf 80' lang='lat' dir='ltr'>numero,</span> <span class='ocrx_word' id='word_1_79' title='bbox 474 1394 546 1454; x_wconf 92' lang='lat' dir='ltr'>vult</span> <span class='ocrx_word' id='word_1_80' title='bbox 563 1414 593 1455; x_wconf 88' lang='lat' dir='ltr'>c.</span> <span class='ocrx_word' id='word_1_81' title='bbox 610 1392 704 1456; x_wconf 89' lang='lat' dir='ltr'>Trid.</span> <span class='ocrx_word' id='word_1_82' title='bbox 722 1412 749 1454; x_wconf 89' lang='lat' dir='ltr'>s.</span> <span class='ocrx_word' id='word_1_83' title='bbox 768 1409 818 1470; x_wconf 84' lang='lat'>25,</span> <span class='ocrx_word' id='word_1_84' title='bbox 837 1412 866 1454; x_wconf 90' lang='lat' dir='ltr'>c.</span> <span class='ocrx_word' id='word_1_85' title='bbox 886 1413 915 1470; x_wconf 81' lang='lat'>3,</span> <span class='ocrx_word' id='word_1_86' title='bbox 933 1392 983 1454; x_wconf 83' lang='lat' dir='ltr'>Dc</span> <span class='ocrx_word' id='word_1_87' title='bbox 998 1387 1112 1472; x_wconf 84' lang='lat' dir='ltr'>Ragai.</span> <span class='ocrx_word' id='word_1_88' title='bbox 1132 1416 1145 1444; x_wconf 83' lang='lat'>«</span> <span class='ocrx_word' id='word_1_89' title='bbox 1165 1391 1210 1454; x_wconf 92' lang='lat' dir='ltr'>Ut</span> <span class='ocrx_word' id='word_1_90' title='bbox 1227 1390 1254 1451; x_wconf 94' lang='lat' dir='ltr'>is</span> 
     </span>
     <span class='ocr_line' id='line_1_12' title="bbox 167 1475 1255 1555; baseline -0.005 -17"><span class='ocrx_word' id='word_1_91' title='bbox 167 1482 299 1538; x_wconf 89' lang='lat' dir='ltr'>tantum</span> <span class='ocrx_word' id='word_1_92' title='bbox 315 1495 476 1538; x_wconf 91' lang='lat' dir='ltr'>numerus</span> <span class='ocrx_word' id='word_1_93' title='bbox 493 1475 721 1538; x_wconf 79' lang='lat' dir='ltr'>constituatur</span> <span class='ocrx_word' id='word_1_94' title='bbox 738 1495 777 1535; x_wconf 88' lang='lat' dir='ltr'>ac</span> <span class='ocrx_word' id='word_1_95' title='bbox 794 1475 827 1536; x_wconf 91' lang='lat' dir='ltr'>in</span> <span class='ocrx_word' id='word_1_96' title='bbox 844 1482 1017 1555; x_wconf 88' lang='lat' dir='ltr'>posterum</span> <span class='ocrx_word' id='word_1_97' title='bbox 1034 1480 1255 1534; x_wconf 84' lang='lat' dir='ltr'>conservetur</span> 
     </span>
     <span class='ocr_line' id='line_1_13' title="bbox 169 1554 1254 1641; baseline -0.005 -20"><span class='ocrx_word' id='word_1_98' title='bbox 169 1559 224 1641; x_wconf 93' lang='lat' dir='ltr'>qui</span> <span class='ocrx_word' id='word_1_99' title='bbox 239 1561 293 1621; x_wconf 90' lang='lat' dir='ltr'>vel</span> <span class='ocrx_word' id='word_1_100' title='bbox 308 1579 349 1621; x_wconf 88' lang='lat' dir='ltr'>ex</span> <span class='ocrx_word' id='word_1_101' title='bbox 364 1558 549 1622; x_wconf 81' lang='lat' dir='ltr'>redditibus</span> <span class='ocrx_word' id='word_1_102' title='bbox 564 1558 706 1640; x_wconf 89' lang='lat' dir='ltr'>propriis</span> <span class='ocrx_word' id='word_1_103' title='bbox 722 1558 775 1618; x_wconf 94' lang='lat' dir='ltr'>vel</span> <span class='ocrx_word' id='word_1_104' title='bbox 789 1577 831 1618; x_wconf 90' lang='lat' dir='ltr'>ex</span> <span class='ocrx_word' id='word_1_105' title='bbox 847 1559 1016 1618; x_wconf 88' lang='lat' dir='ltr'>consuetis</span> <span class='ocrx_word' id='word_1_106' title='bbox 1033 1554 1254 1638; x_wconf 83' lang='lat' dir='ltr'>eleemosynis</span> 
     </span>
     <span class='ocr_line' id='line_1_14' title="bbox 169 1637 1256 1722; baseline -0.005 -19"><span class='ocrx_word' id='word_1_107' title='bbox 169 1641 342 1704; x_wconf 92' lang='lat' dir='ltr'>commode</span> <span class='ocrx_word' id='word_1_108' title='bbox 355 1643 460 1722; x_wconf 87' lang='lat' dir='ltr'>possit</span> <span class='ocrx_word' id='word_1_109' title='bbox 474 1640 672 1704; x_wconf 90' lang='lat' dir='ltr'>sustentari.</span> <span class='ocrx_word' id='word_1_110' title='bbox 685 1668 698 1696; x_wconf 85' lang='lat'>»</span> <span class='ocrx_word' id='word_1_111' title='bbox 714 1641 832 1718; x_wconf 88' lang='lat' dir='ltr'>Itaque</span> <span class='ocrx_word' id='word_1_112' title='bbox 845 1639 1061 1721; x_wconf 76' lang='lat' dir='ltr'>praescripsit</span> <span class='ocrx_word' id='word_1_113' title='bbox 1071 1637 1256 1718; x_wconf 82' lang='lat' dir='ltr'>Gregorius</span> 
     </span>
     <span class='ocr_line' id='line_1_15' title="bbox 171 1722 1255 1804; baseline -0.003 -19"><span class='ocrx_word' id='word_1_114' title='bbox 171 1740 232 1786; x_wconf 86' lang='lat' dir='ltr'>x111</span> <span class='ocrx_word' id='word_1_115' title='bbox 255 1742 284 1784; x_wconf 92' lang='lat' dir='ltr'>c.</span> <span class='ocrx_word' id='word_1_116' title='bbox 307 1722 374 1784; x_wconf 83' lang='lat' dir='ltr'>Dea</span> <span class='ocrx_word' id='word_1_117' title='bbox 394 1723 502 1798; x_wconf 82' lang='lat' dir='ltr'>sacris,</span> <span class='ocrx_word' id='word_1_118' title='bbox 528 1746 567 1802; x_wconf 83' lang='lat'>30</span> <span class='ocrx_word' id='word_1_119' title='bbox 590 1725 662 1787; x_wconf 90' lang='lat' dir='ltr'>dec.</span> <span class='ocrx_word' id='word_1_120' title='bbox 690 1742 779 1802; x_wconf 85' lang='lat'>1572,</span> <span class='ocrx_word' id='word_1_121' title='bbox 804 1736 840 1783; x_wconf 85' lang='lat' dir='ltr'>ut</span> <span class='ocrx_word' id='word_1_122' title='bbox 862 1723 1062 1804; x_wconf 84' lang='lat' dir='ltr'>Episcopus,</span> <span class='ocrx_word' id='word_1_123' title='bbox 1087 1741 1155 1782; x_wconf 91' lang='lat' dir='ltr'>una</span> <span class='ocrx_word' id='word_1_124' title='bbox 1178 1740 1255 1782; x_wconf 89' lang='lat' dir='ltr'>cum</span> 
     </span>
     <span class='ocr_line' id='line_1_16' title="bbox 171 1804 1257 1886; baseline -0.003 -19"><span class='ocrx_word' id='word_1_125' title='bbox 171 1805 342 1886; x_wconf 89' lang='lat' dir='ltr'>superiore</span> <span class='ocrx_word' id='word_1_126' title='bbox 360 1807 508 1883; x_wconf 78' lang='lat' dir='ltr'>regulari</span> <span class='ocrx_word' id='word_1_127' title='bbox 525 1805 552 1867; x_wconf 91' lang='lat' dir='ltr'>si</span> <span class='ocrx_word' id='word_1_128' title='bbox 575 1826 673 1886; x_wconf 92' lang='lat' dir='ltr'>quem</span> <span class='ocrx_word' id='word_1_129' title='bbox 692 1804 857 1868; x_wconf 87' lang='lat' dir='ltr'>haberent</span> <span class='ocrx_word' id='word_1_130' title='bbox 874 1806 1047 1882; x_wconf 78' lang='lat' dir='ltr'>moniales,</span> <span class='ocrx_word' id='word_1_131' title='bbox 1074 1804 1257 1881; x_wconf 86' lang='lat' dir='ltr'>prudenter</span> 
     </span>
     <span class='ocr_line' id='line_1_17' title="bbox 168 1887 1257 1970; baseline -0.004 -20"><span class='ocrx_word' id='word_1_132' title='bbox 168 1887 322 1950; x_wconf 86' lang='lat' dir='ltr'>definiret</span> <span class='ocrx_word' id='word_1_133' title='bbox 335 1895 416 1967; x_wconf 90' lang='lat' dir='ltr'>quot</span> <span class='ocrx_word' id='word_1_134' title='bbox 433 1888 465 1949; x_wconf 92' lang='lat' dir='ltr'>in</span> <span class='ocrx_word' id='word_1_135' title='bbox 479 1890 740 1970; x_wconf 90' lang='lat' dir='ltr'>unumquodque</span> <span class='ocrx_word' id='word_1_136' title='bbox 753 1888 995 1950; x_wconf 89' lang='lat' dir='ltr'>monasterium</span> <span class='ocrx_word' id='word_1_137' title='bbox 1009 1887 1110 1968; x_wconf 85' lang='lat' dir='ltr'>recipi</span> <span class='ocrx_word' id='word_1_138' title='bbox 1119 1890 1257 1968; x_wconf 85' lang='lat' dir='ltr'>possent</span> 
     </span>
     <span class='ocr_line' id='line_1_18' title="bbox 165 1970 763 2052; baseline 0.002 -18"><span class='ocrx_word' id='word_1_139' title='bbox 165 1973 340 2034; x_wconf 90' lang='lat' dir='ltr'>moniales.</span> <span class='ocrx_word' id='word_1_140' title='bbox 358 1970 534 2050; x_wconf 83' lang='lat' dir='ltr'>(Bizzarri,</span> <span class='ocrx_word' id='word_1_141' title='bbox 552 1991 584 2052; x_wconf 93' lang='lat' dir='ltr'>p.</span> <span class='ocrx_word' id='word_1_142' title='bbox 600 1973 763 2050; x_wconf 79' lang='lat' dir='ltr'>azo-230.)</span> 
     </span>
    </p>

    <p class='ocr_par' dir='ltr' id='par_1_4' title="bbox 170 2052 1259 2632">
     <span class='ocr_line' id='line_1_19' title="bbox 212 2052 1257 2134; baseline -0.006 -18"><span class='ocrx_word' id='word_1_143' title='bbox 212 2054 247 2116; x_wconf 85' lang='lat' dir='ltr'>Si</span> <span class='ocrx_word' id='word_1_144' title='bbox 271 2073 355 2134; x_wconf 91' lang='lat' dir='ltr'>quae</span> <span class='ocrx_word' id='word_1_145' title='bbox 379 2072 473 2126; x_wconf 88' lang='lat' dir='ltr'>vero,</span> <span class='ocrx_word' id='word_1_146' title='bbox 499 2054 684 2116; x_wconf 91' lang='lat' dir='ltr'>secundum</span> <span class='ocrx_word' id='word_1_147' title='bbox 707 2053 868 2134; x_wconf 89' lang='lat' dir='ltr'>probatas</span> <span class='ocrx_word' id='word_1_148' title='bbox 892 2052 1086 2115; x_wconf 90' lang='lat' dir='ltr'>monasterii</span> <span class='ocrx_word' id='word_1_149' title='bbox 1110 2053 1200 2131; x_wconf 72' lang='lat' dir='ltr'>leges</span> <span class='ocrx_word' id='word_1_150' title='bbox 1223 2055 1257 2111; x_wconf 90' lang='lat' dir='ltr'>et</span> 
     </span>
     <span class='ocr_line' id='line_1_20' title="bbox 170 2133 1257 2219; baseline -0.005 -21"><span class='ocrx_word' id='word_1_151' title='bbox 170 2156 264 2214; x_wconf 91' lang='lat' dir='ltr'>usus,</span> <span class='ocrx_word' id='word_1_152' title='bbox 289 2135 513 2200; x_wconf 88' lang='lat' dir='ltr'>admittantur</span> <span class='ocrx_word' id='word_1_153' title='bbox 540 2156 644 2219; x_wconf 90' lang='lat' dir='ltr'>supra</span> <span class='ocrx_word' id='word_1_154' title='bbox 669 2156 859 2213; x_wconf 91' lang='lat' dir='ltr'>numerum,</span> <span class='ocrx_word' id='word_1_155' title='bbox 888 2136 951 2197; x_wconf 92' lang='lat' dir='ltr'>hae</span> <span class='ocrx_word' id='word_1_156' title='bbox 979 2136 1110 2197; x_wconf 78' lang='lat' dir='ltr'>solvere</span> <span class='ocrx_word' id='word_1_157' title='bbox 1136 2133 1257 2196; x_wconf 87' lang='lat' dir='ltr'>debent</span> 
     </span>
     <span class='ocr_line' id='line_1_21' title="bbox 175 2216 1257 2301; baseline -0.004 -21"><span class='ocrx_word' id='word_1_158' title='bbox 175 2219 287 2280; x_wconf 82' lang='lat' dir='ltr'>dotem</span> <span class='ocrx_word' id='word_1_159' title='bbox 310 2219 410 2301; x_wconf 90' lang='lat' dir='ltr'>duplo</span> <span class='ocrx_word' id='word_1_160' title='bbox 433 2217 598 2298; x_wconf 89' lang='lat' dir='ltr'>majorem</span> <span class='ocrx_word' id='word_1_161' title='bbox 623 2238 709 2298; x_wconf 91' lang='lat' dir='ltr'>quae</span> <span class='ocrx_word' id='word_1_162' title='bbox 730 2241 791 2300; x_wconf 91' lang='lat'>400</span> <span class='ocrx_word' id='word_1_163' title='bbox 807 2217 912 2280; x_wconf 92' lang='lat' dir='ltr'>scutis</span> <span class='ocrx_word' id='word_1_164' title='bbox 929 2219 1045 2298; x_wconf 90' lang='lat' dir='ltr'>nequit</span> <span class='ocrx_word' id='word_1_165' title='bbox 1072 2236 1147 2278; x_wconf 89' lang='lat' dir='ltr'>esse</span> <span class='ocrx_word' id='word_1_166' title='bbox 1175 2216 1257 2277; x_wconf 86' lang='lat' dir='ltr'>infe-</span> 
     </span>
     <span class='ocr_line' id='line_1_22' title="bbox 174 2299 1258 2383; baseline -0.003 -21"><span class='ocrx_word' id='word_1_167' title='bbox 174 2300 254 2376; x_wconf 89' lang='lat' dir='ltr'>rior,</span> <span class='ocrx_word' id='word_1_168' title='bbox 279 2306 482 2380; x_wconf 88' lang='lat' dir='ltr'>manentque</span> <span class='ocrx_word' id='word_1_169' title='bbox 505 2301 538 2362; x_wconf 94' lang='lat' dir='ltr'>in</span> <span class='ocrx_word' id='word_1_170' title='bbox 567 2309 765 2383; x_wconf 88' lang='lat' dir='ltr'>perpetuum</span> <span class='ocrx_word' id='word_1_171' title='bbox 790 2299 1117 2382; x_wconf 89' lang='lat' dir='ltr'>supranumerariae,</span> <span class='ocrx_word' id='word_1_172' title='bbox 1147 2299 1194 2360; x_wconf 91' lang='lat' dir='ltr'>ita</span> <span class='ocrx_word' id='word_1_173' title='bbox 1221 2303 1258 2360; x_wconf 90' lang='lat' dir='ltr'>ut</span> 
     </span>
     <span class='ocr_line' id='line_1_23' title="bbox 175 2381 1259 2463; baseline -0.002 -20"><span class='ocrx_word' id='word_1_174' title='bbox 175 2383 285 2445; x_wconf 89' lang='lat' dir='ltr'>locum</span> <span class='ocrx_word' id='word_1_175' title='bbox 302 2403 368 2444; x_wconf 91' lang='lat' dir='ltr'>non</span> <span class='ocrx_word' id='word_1_176' title='bbox 385 2391 520 2445; x_wconf 90' lang='lat' dir='ltr'>sumant</span> <span class='ocrx_word' id='word_1_177' title='bbox 533 2383 699 2462; x_wconf 86' lang='lat' dir='ltr'>monialis,</span> <span class='ocrx_word' id='word_1_178' title='bbox 717 2383 805 2444; x_wconf 89' lang='lat' dir='ltr'>intra</span> <span class='ocrx_word' id='word_1_179' title='bbox 822 2403 1010 2460; x_wconf 90' lang='lat' dir='ltr'>numerum,</span> <span class='ocrx_word' id='word_1_180' title='bbox 1028 2402 1113 2463; x_wconf 90' lang='lat' dir='ltr'>quae</span> <span class='ocrx_word' id='word_1_181' title='bbox 1129 2381 1199 2445; x_wconf 85' lang='lat' dir='ltr'>vita</span> <span class='ocrx_word' id='word_1_182' title='bbox 1215 2382 1259 2444; x_wconf 94' lang='lat' dir='ltr'>sit</span> 
     </span>
     <span class='ocr_line' id='line_1_24' title="bbox 174 2463 1258 2548; baseline 0 -23"><span class='ocrx_word' id='word_1_183' title='bbox 174 2463 302 2527; x_wconf 86' lang='lat' dir='ltr'>funeta.</span> <span class='ocrx_word' id='word_1_184' title='bbox 327 2465 396 2529; x_wconf 86' lang='lat' dir='ltr'>Cfr.</span> <span class='ocrx_word' id='word_1_185' title='bbox 421 2467 524 2530; x_wconf 88' lang='lat' dir='ltr'>Decr.</span> <span class='ocrx_word' id='word_1_186' title='bbox 550 2487 627 2544; x_wconf 87' lang='lat' dir='ltr'>gen.</span> <span class='ocrx_word' id='word_1_187' title='bbox 652 2467 688 2530; x_wconf 89' lang='lat' dir='ltr'>S.</span> <span class='ocrx_word' id='word_1_188' title='bbox 715 2465 752 2530; x_wconf 90' lang='lat' dir='ltr'>C.</span> <span class='ocrx_word' id='word_1_189' title='bbox 777 2465 883 2530; x_wconf 89' lang='lat' dir='ltr'>Cone.</span> <span class='ocrx_word' id='word_1_190' title='bbox 907 2471 1026 2548; x_wconf 85' lang='lat' dir='ltr'>6sept.</span> <span class='ocrx_word' id='word_1_191' title='bbox 1055 2471 1144 2547; x_wconf 85' lang='lat'>1604,</span> <span class='ocrx_word' id='word_1_192' title='bbox 1169 2463 1258 2548; x_wconf 86' lang='lat' dir='ltr'>apud</span> 
     </span>
     <span class='ocr_line' id='line_1_25' title="bbox 174 2547 596 2632; baseline 0.009 -23"><span class='ocrx_word' id='word_1_193' title='bbox 174 2547 337 2627; x_wconf 85' lang='lat' dir='ltr'>Bizzarri,</span> <span class='ocrx_word' id='word_1_194' title='bbox 355 2569 409 2632; x_wconf 93' lang='lat' dir='ltr'>op.</span> <span class='ocrx_word' id='word_1_195' title='bbox 426 2568 457 2612; x_wconf 93' lang='lat' dir='ltr'>c.</span> <span class='ocrx_word' id='word_1_196' title='bbox 474 2570 506 2632; x_wconf 88' lang='lat' dir='ltr'>p.</span> <span class='ocrx_word' id='word_1_197' title='bbox 524 2555 596 2631; x_wconf 83' lang='lat'>269.</span> 
     </span>
    </p>

    <p class='ocr_par' dir='ltr' id='par_1_5' title="bbox 173 2630 1257 2797">
     <span class='ocr_line' id='line_1_26' title="bbox 212 2630 1257 2696; baseline -0.003 -2"><span class='ocrx_word' id='word_1_198' title='bbox 212 2633 371 2694; x_wconf 88' lang='lat' dir='ltr'>&#39;Attamen</span> <span class='ocrx_word' id='word_1_199' title='bbox 395 2633 434 2696; x_wconf 89' lang='lat' dir='ltr'>C.</span> <span class='ocrx_word' id='word_1_200' title='bbox 452 2635 630 2695; x_wconf 90' lang='lat' dir='ltr'>Americae</span> <span class='ocrx_word' id='word_1_201' title='bbox 652 2634 777 2696; x_wconf 91' lang='lat' dir='ltr'>latinae</span> <span class='ocrx_word' id='word_1_202' title='bbox 800 2633 873 2694; x_wconf 90' lang='lat' dir='ltr'>vult</span> <span class='ocrx_word' id='word_1_203' title='bbox 896 2637 932 2693; x_wconf 94' lang='lat' dir='ltr'>ut</span> <span class='ocrx_word' id='word_1_204' title='bbox 955 2630 1115 2692; x_wconf 88' lang='lat' dir='ltr'>moniales</span> <span class='ocrx_word' id='word_1_205' title='bbox 1139 2631 1257 2692; x_wconf 88' lang='lat' dir='ltr'>saltem</span> 
     </span>
     <span class='ocr_line' id='line_1_27' title="bbox 173 2713 1126 2797; baseline 0 -22"><span class='ocrx_word' id='word_1_206' title='bbox 173 2713 240 2775; x_wconf 92' lang='lat' dir='ltr'>sint</span> <span class='ocrx_word' id='word_1_207' title='bbox 254 2737 290 2777; x_wconf 86' lang='lat'>12</span> <span class='ocrx_word' id='word_1_208' title='bbox 307 2734 446 2778; x_wconf 88' lang='lat' dir='ltr'>numero</span> <span class='ocrx_word' id='word_1_209' title='bbox 459 2715 491 2777; x_wconf 93' lang='lat' dir='ltr'>in</span> <span class='ocrx_word' id='word_1_210' title='bbox 506 2716 645 2797; x_wconf 87' lang='lat' dir='ltr'>singulis</span> <span class='ocrx_word' id='word_1_211' title='bbox 662 2714 890 2779; x_wconf 86' lang='lat' dir='ltr'>monasteriis.</span> <span class='ocrx_word' id='word_1_212' title='bbox 907 2716 985 2775; x_wconf 79' lang='lat' dir='ltr'>Acta</span> <span class='ocrx_word' id='word_1_213' title='bbox 1002 2734 1034 2775; x_wconf 86' lang='lat' dir='ltr'>n.</span> <span class='ocrx_word' id='word_1_214' title='bbox 1054 2735 1126 2794; x_wconf 79' lang='lat'>319.</span> 
     </span>
    </p>

    <p class='ocr_par' dir='ltr' id='par_1_6' title="bbox 169 2793 1258 3040">
     <span class='ocr_line' id='line_1_28' title="bbox 215 2793 1258 2875; baseline -0.003 -16"><span class='ocrx_word' id='word_1_215' title='bbox 215 2797 422 2875; x_wconf 85' lang='lat' dir='ltr'>Pellizarius,</span> <span class='ocrx_word' id='word_1_216' title='bbox 440 2799 570 2861; x_wconf 87' lang='lat' dir='ltr'>incerta</span> <span class='ocrx_word' id='word_1_217' title='bbox 586 2807 700 2862; x_wconf 88' lang='lat' dir='ltr'>tamen</span> <span class='ocrx_word' id='word_1_218' title='bbox 724 2799 822 2861; x_wconf 88' lang='lat' dir='ltr'>nixus</span> <span class='ocrx_word' id='word_1_219' title='bbox 845 2799 1061 2872; x_wconf 84' lang='lat' dir='ltr'>auctoritate,</span> <span class='ocrx_word' id='word_1_220' title='bbox 1080 2793 1170 2857; x_wconf 90' lang='lat' dir='ltr'>addit</span> <span class='ocrx_word' id='word_1_221' title='bbox 1190 2813 1258 2856; x_wconf 92' lang='lat' dir='ltr'>non</span> 
     </span>
     <span class='ocr_line' id='line_1_29' title="bbox 175 2879 1257 2962; baseline 0.002 -24"><span class='ocrx_word' id='word_1_222' title='bbox 175 2897 273 2957; x_wconf 91' lang='lat' dir='ltr'>posse</span> <span class='ocrx_word' id='word_1_223' title='bbox 289 2899 423 2942; x_wconf 89' lang='lat' dir='ltr'>sorores</span> <span class='ocrx_word' id='word_1_224' title='bbox 440 2901 622 2943; x_wconf 89' lang='lat' dir='ltr'>conversas</span> <span class='ocrx_word' id='word_1_225' title='bbox 639 2901 780 2944; x_wconf 91' lang='lat' dir='ltr'>numero</span> <span class='ocrx_word' id='word_1_226' title='bbox 793 2887 957 2962; x_wconf 85' lang='lat' dir='ltr'>&#39;superare</span> <span class='ocrx_word' id='word_1_227' title='bbox 974 2879 1109 2940; x_wconf 90' lang='lat' dir='ltr'>tertiam</span> <span class='ocrx_word' id='word_1_228' title='bbox 1127 2887 1257 2961; x_wconf 90' lang='lat' dir='ltr'>partem</span> 
     </span>
     <span class='ocr_line' id='line_1_30' title="bbox 169 2959 912 3040; baseline 0.009 -22"><span class='ocrx_word' id='word_1_229' title='bbox 169 2959 416 3023; x_wconf 76' lang='lat' dir='ltr'>universitatis.</span> <span class='ocrx_word' id='word_1_230' title='bbox 433 2962 482 3022; x_wconf 83' lang='lat' dir='ltr'>Da</span> <span class='ocrx_word' id='word_1_231' title='bbox 497 2961 696 3040; x_wconf 78' lang='lat' dir='ltr'>ManialibaS,</span> <span class='ocrx_word' id='word_1_232' title='bbox 715 2984 744 3027; x_wconf 92' lang='lat' dir='ltr'>c.</span> <span class='ocrx_word' id='word_1_233' title='bbox 762 2985 792 3038; x_wconf 89' lang='grc'>2,</span> <span class='ocrx_word' id='word_1_234' title='bbox 811 2983 844 3025; x_wconf 92' lang='lat' dir='ltr'>n.</span> <span class='ocrx_word' id='word_1_235' title='bbox 865 2985 912 3025; x_wconf 91' lang='lat'>10.</span> 
     </span>
    </p>

    <p class='ocr_par' dir='ltr' id='par_1_7' title="bbox 174 3041 1257 3206">
     <span class='ocr_line' id='line_1_31' title="bbox 215 3041 1257 3125; baseline 0.004 -26"><span class='ocrx_word' id='word_1_236' title='bbox 215 3061 246 3118; x_wconf 86' lang='lat'>4.</span> <span class='ocrx_word' id='word_1_237' title='bbox 269 3041 421 3120; x_wconf 91' lang='lat' dir='ltr'>Denique</span> <span class='ocrx_word' id='word_1_238' title='bbox 449 3045 502 3104; x_wconf 88' lang='lat' dir='ltr'>lex</span> <span class='ocrx_word' id='word_1_239' title='bbox 527 3044 732 3106; x_wconf 76' lang='lat' dir='ltr'>observandae</span> <span class='ocrx_word' id='word_1_240' title='bbox 752 3045 918 3106; x_wconf 73' lang='lat' dir='ltr'>distantiae</span> <span class='ocrx_word' id='word_1_241' title='bbox 945 3064 1003 3125; x_wconf 88' lang='lat' dir='ltr'>per</span> <span class='ocrx_word' id='word_1_242' title='bbox 1029 3064 1064 3105; x_wconf 94' lang='lat' dir='ltr'>se</span> <span class='ocrx_word' id='word_1_243' title='bbox 1092 3044 1193 3107; x_wconf 88' lang='lat' dir='ltr'>etiam</span> <span class='ocrx_word' id='word_1_244' title='bbox 1225 3042 1257 3104; x_wconf 93' lang='lat' dir='ltr'>in</span> 
     </span>
     <span class='ocr_line' id='line_1_32' title="bbox 174 3125 1256 3206; baseline 0.004 -24"><span class='ocrx_word' id='word_1_245' title='bbox 174 3128 362 3182; x_wconf 87' lang='lat' dir='ltr'>conventus</span> <span class='ocrx_word' id='word_1_246' title='bbox 393 3125 586 3186; x_wconf 82' lang='lat' dir='ltr'>monialium</span> <span class='ocrx_word' id='word_1_247' title='bbox 609 3127 825 3189; x_wconf 85' lang='lat' dir='ltr'>transfertur.</span> <span class='ocrx_word' id='word_1_248' title='bbox 850 3127 1167 3206; x_wconf 83' lang='lat' dir='ltr'>Schmalagrueber,</span> <span class='ocrx_word' id='word_1_249' title='bbox 1186 3128 1207 3186; x_wconf 90' lang='lat' dir='ltr'>l.</span> <span class='ocrx_word' id='word_1_250' title='bbox 1226 3145 1256 3186; x_wconf 91' lang='lat' dir='ltr'>c.</span> 
     </span>
    </p>
   </div>
   <div class='ocr_carea' id='block_1_3' title="bbox 171 3223 275 3286">
    <p class='ocr_par' dir='ltr' id='par_1_8' title="bbox 171 3223 275 3286">
     <span class='ocr_line' id='line_1_33' title="bbox 171 3223 275 3286; baseline 0.01 -21"><span class='ocrx_word' id='word_1_251' title='bbox 171 3223 207 3267; x_wconf 94' lang='lat' dir='ltr'>n.</span> <span class='ocrx_word' id='word_1_252' title='bbox 224 3223 275 3286; x_wconf 83' lang='lat'>34.</span> 
     </span>
    </p>
   </div>
   <div class='ocr_carea' id='block_1_4' title="bbox 364 3345 1072 3453">
    <p class='ocr_par' dir='ltr' id='par_1_9' title="bbox 364 3345 1072 3453">
     <span class='ocr_line' id='line_1_34' title="bbox 364 3345 1072 3453; baseline 0.007 -30"><span class='ocrx_word' id='word_1_253' title='bbox 364 3352 380 3441; x_wconf 65' lang='grc'>8</span> <span class='ocrx_word' id='word_1_254' title='bbox 408 3369 446 3448; x_wconf 85' lang='lat'>3.</span> <span class='ocrx_word' id='word_1_255' title='bbox 475 3345 546 3425; x_wconf 83' lang='lat' dir='ltr'>De</span> <span class='ocrx_word' id='word_1_256' title='bbox 570 3345 689 3426; x_wconf 83' lang='lat' dir='ltr'>doma</span> <span class='ocrx_word' id='word_1_257' title='bbox 720 3347 757 3426; x_wconf 87' lang='lat' dir='ltr'><em>C</em></span> <span class='ocrx_word' id='word_1_258' title='bbox 757 3348 1072 3453; x_wconf 78' lang='lat' dir='ltr'>aagrcgala&#39;oais</span> 
     </span>
    </p>
   </div>
   <div class='ocr_carea' id='block_1_5' title="bbox 173 3548 1262 4544">
    <p class='ocr_par' dir='ltr' id='par_1_10' title="bbox 173 3548 1260 4125">
     <span class='ocr_line' id='line_1_35' title="bbox 219 3548 1259 3632; baseline -0.001 -20"><span class='ocrx_word' id='word_1_259' title='bbox 219 3549 304 3614; x_wconf 84' lang='lat'>117.</span> <span class='ocrx_word' id='word_1_260' title='bbox 335 3571 363 3612; x_wconf 88' lang='lat'>1.</span> <span class='ocrx_word' id='word_1_261' title='bbox 391 3548 483 3629; x_wconf 91' lang='lat' dir='ltr'>Opus</span> <span class='ocrx_word' id='word_1_262' title='bbox 508 3556 559 3612; x_wconf 89' lang='lat' dir='ltr'>est</span> <span class='ocrx_word' id='word_1_263' title='bbox 585 3569 708 3611; x_wconf 85' lang='lat' dir='ltr'>assensa</span> <span class='ocrx_word' id='word_1_264' title='bbox 733 3550 878 3632; x_wconf 77' lang='lat' dir='ltr'>Episcopi</span> <span class='ocrx_word' id='word_1_265' title='bbox 902 3551 978 3614; x_wconf 89' lang='lat' dir='ltr'>loci.</span> <span class='ocrx_word' id='word_1_266' title='bbox 1006 3550 1042 3612; x_wconf 91' lang='lat' dir='ltr'>Id</span> <span class='ocrx_word' id='word_1_267' title='bbox 1065 3552 1135 3632; x_wconf 86' lang='lat' dir='ltr'>jam</span> <span class='ocrx_word' id='word_1_268' title='bbox 1158 3554 1259 3611; x_wconf 87' lang='lat' dir='ltr'>antea</span> 
     </span>
     <span class='ocr_line' id='line_1_36' title="bbox 179 3630 1259 3712; baseline 0.001 -20"><span class='ocrx_word' id='word_1_269' title='bbox 179 3631 368 3708; x_wconf 87' lang='lat' dir='ltr'>constabat,</span> <span class='ocrx_word' id='word_1_270' title='bbox 386 3652 462 3694; x_wconf 91' lang='lat' dir='ltr'>cum</span> <span class='ocrx_word' id='word_1_271' title='bbox 479 3652 520 3694; x_wconf 89' lang='lat' dir='ltr'>ex</span> <span class='ocrx_word' id='word_1_272' title='bbox 542 3633 615 3712; x_wconf 87' lang='lat' dir='ltr'>lege</span> <span class='ocrx_word' id='word_1_273' title='bbox 630 3633 659 3695; x_wconf 84' lang='lat' dir='ltr'><strong>T</strong></span> <span class='ocrx_word' id='word_1_274' title='bbox 661 3633 726 3695; x_wconf 77' lang='lat' dir='ltr'>ride</span> <span class='ocrx_word' id='word_1_275' title='bbox 734 3633 827 3695; x_wconf 92' lang='lat' dir='ltr'>ntina</span> <span class='ocrx_word' id='word_1_276' title='bbox 843 3640 979 3696; x_wconf 88' lang='lat' dir='ltr'>vetante</span> <span class='ocrx_word' id='word_1_277' title='bbox 996 3653 1037 3695; x_wconf 92' lang='lat' dir='ltr'>ne</span> <span class='ocrx_word' id='word_1_278' title='bbox 1054 3631 1120 3694; x_wconf 84' lang='lat' dir='ltr'>ioca</span> <span class='ocrx_word' id='word_1_279' title='bbox 1144 3630 1259 3693; x_wconf 84' lang='lat' dir='ltr'>similia</span> 
     </span>
     <span class='ocr_line' id='line_1_37' title="bbox 173 3714 1260 3798; baseline -0.001 -22"><span class='ocrx_word' id='word_1_280' title='bbox 173 3715 459 3777; x_wconf 88' lang='lat' dir='ltr'>monasteriorum</span> <span class='ocrx_word' id='word_1_281' title='bbox 483 3714 695 3794; x_wconf 87' lang='lat' dir='ltr'>erigerentur</span> <span class='ocrx_word' id='word_1_282' title='bbox 716 3715 788 3777; x_wconf 93' lang='lat' dir='ltr'>sine</span> <span class='ocrx_word' id='word_1_283' title='bbox 815 3717 912 3778; x_wconf 92' lang='lat' dir='ltr'>venia</span> <span class='ocrx_word' id='word_1_284' title='bbox 927 3716 1097 3798; x_wconf 86' lang='lat' dir='ltr'>Episcopi,</span> <span class='ocrx_word' id='word_1_285' title='bbox 1125 3722 1196 3777; x_wconf 90' lang='lat' dir='ltr'>tum</span> <span class='ocrx_word' id='word_1_286' title='bbox 1219 3733 1260 3776; x_wconf 91' lang='lat' dir='ltr'>ex</span> 
     </span>
     <span class='ocr_line' id='line_1_38' title="bbox 179 3797 1259 3880; baseline 0.001 -23"><span class='ocrx_word' id='word_1_287' title='bbox 179 3797 377 3859; x_wconf 89' lang='lat' dir='ltr'>necessitate</span> <span class='ocrx_word' id='word_1_288' title='bbox 395 3797 471 3859; x_wconf 88' lang='lat' dir='ltr'>talis</span> <span class='ocrx_word' id='word_1_289' title='bbox 487 3816 645 3859; x_wconf 89' lang='lat' dir='ltr'>assensus</span> <span class='ocrx_word' id='word_1_290' title='bbox 668 3800 710 3861; x_wconf 89' lang='lat' dir='ltr'>ad</span> <span class='ocrx_word' id='word_1_291' title='bbox 734 3799 891 3878; x_wconf 87' lang='lat' dir='ltr'>erigenda</span> <span class='ocrx_word' id='word_1_292' title='bbox 909 3799 1124 3861; x_wconf 88' lang='lat' dir='ltr'>monasteria.</span> <span class='ocrx_word' id='word_1_293' title='bbox 1149 3799 1259 3880; x_wconf 90' lang='lat' dir='ltr'>Repu-</span> 
     </span>
     <span class='ocr_line' id='line_1_39' title="bbox 179 3878 1259 3964; baseline 0.002 -24"><span class='ocrx_word' id='word_1_294' title='bbox 179 3885 260 3959; x_wconf 87' lang='lat' dir='ltr'>gnat</span> <span class='ocrx_word' id='word_1_295' title='bbox 283 3878 370 3942; x_wconf 91' lang='lat' dir='ltr'>enim</span> <span class='ocrx_word' id='word_1_296' title='bbox 399 3880 687 3960; x_wconf 85' lang='lat' dir='ltr'>Congregationes</span> <span class='ocrx_word' id='word_1_297' title='bbox 715 3883 845 3964; x_wconf 91' lang='lat' dir='ltr'>potiore</span> <span class='ocrx_word' id='word_1_298' title='bbox 864 3882 940 3964; x_wconf 89' lang='lat' dir='ltr'>jure</span> <span class='ocrx_word' id='word_1_299' title='bbox 962 3901 1036 3944; x_wconf 91' lang='lat' dir='ltr'>esse</span> <span class='ocrx_word' id='word_1_300' title='bbox 1063 3881 1096 3944; x_wconf 92' lang='lat' dir='ltr'>in</span> <span class='ocrx_word' id='word_1_301' title='bbox 1128 3881 1191 3942; x_wconf 92' lang='lat' dir='ltr'>hac</span> <span class='ocrx_word' id='word_1_302' title='bbox 1223 3897 1259 3942; x_wconf 91' lang='lat' dir='ltr'>re</span> 
     </span>
     <span class='ocr_line' id='line_1_40' title="bbox 179 3961 1259 4045; baseline 0.001 -23"><span class='ocrx_word' id='word_1_303' title='bbox 179 3981 279 4042; x_wconf 91' lang='lat' dir='ltr'>quam</span> <span class='ocrx_word' id='word_1_304' title='bbox 289 3962 431 4024; x_wconf 88' lang='lat' dir='ltr'>Ordines</span> <span class='ocrx_word' id='word_1_305' title='bbox 446 3983 560 4045; x_wconf 91' lang='lat' dir='ltr'>presse</span> <span class='ocrx_word' id='word_1_306' title='bbox 572 3968 668 4026; x_wconf 87' lang='lat' dir='ltr'>tales.</span> <span class='ocrx_word' id='word_1_307' title='bbox 679 3966 774 4028; x_wconf 89' lang='lat' dir='ltr'>Nunc</span> <span class='ocrx_word' id='word_1_308' title='bbox 787 3971 899 4027; x_wconf 91' lang='lat' dir='ltr'>autem</span> <span class='ocrx_word' id='word_1_309' title='bbox 913 3963 945 4025; x_wconf 94' lang='lat' dir='ltr'>id</span> <span class='ocrx_word' id='word_1_310' title='bbox 957 3963 1079 4027; x_wconf 91' lang='lat' dir='ltr'>diserte</span> <span class='ocrx_word' id='word_1_311' title='bbox 1093 3961 1259 4027; x_wconf 91' lang='lat' dir='ltr'>sancitum</span> 
     </span>
     <span class='ocr_line' id='line_1_41' title="bbox 179 4043 822 4125; baseline 0.006 -20"><span class='ocrx_word' id='word_1_312' title='bbox 179 4055 229 4105; x_wconf 88' lang='lat' dir='ltr'>est</span> <span class='ocrx_word' id='word_1_313' title='bbox 247 4043 285 4106; x_wconf 89' lang='lat' dir='ltr'>C.</span> <span class='ocrx_word' id='word_1_314' title='bbox 304 4044 487 4108; x_wconf 80' lang='lat' dir='ltr'>Conditaca</span> <span class='ocrx_word' id='word_1_315' title='bbox 504 4043 630 4110; x_wconf 78' lang='lat' dir='ltr'>Christo</span> <span class='ocrx_word' id='word_1_316' title='bbox 646 4068 675 4110; x_wconf 93' lang='lat' dir='ltr'>c.</span> <span class='ocrx_word' id='word_1_317' title='bbox 693 4068 722 4124; x_wconf 87' lang='grc'>2,</span> <span class='ocrx_word' id='word_1_318' title='bbox 740 4068 772 4110; x_wconf 90' lang='lat' dir='ltr'>n.</span> <span class='ocrx_word' id='word_1_319' title='bbox 791 4068 822 4125; x_wconf 85' lang='lat'>3.</span> 
     </span>
    </p>

    <p class='ocr_par' dir='ltr' id='par_1_11' title="bbox 176 4127 1261 4460">
     <span class='ocr_line' id='line_1_42' title="bbox 219 4127 1261 4211; baseline 0.001 -22"><span class='ocrx_word' id='word_1_320' title='bbox 219 4148 250 4189; x_wconf 86' lang='lat'>2.</span> <span class='ocrx_word' id='word_1_321' title='bbox 281 4127 378 4209; x_wconf 88' lang='lat' dir='ltr'>Quod</span> <span class='ocrx_word' id='word_1_322' title='bbox 407 4129 448 4190; x_wconf 94' lang='lat' dir='ltr'>ad</span> <span class='ocrx_word' id='word_1_323' title='bbox 479 4129 638 4192; x_wconf 88' lang='lat' dir='ltr'>Instituta</span> <span class='ocrx_word' id='word_1_324' title='bbox 664 4149 750 4210; x_wconf 89' lang='lat' dir='ltr'>quae</span> <span class='ocrx_word' id='word_1_325' title='bbox 779 4130 821 4191; x_wconf 94' lang='lat' dir='ltr'>ab</span> <span class='ocrx_word' id='word_1_326' title='bbox 852 4129 924 4211; x_wconf 91' lang='lat' dir='ltr'>ipsa</span> <span class='ocrx_word' id='word_1_327' title='bbox 950 4129 1150 4211; x_wconf 89' lang='lat' dir='ltr'>probantur,</span> <span class='ocrx_word' id='word_1_328' title='bbox 1175 4129 1261 4191; x_wconf 87' lang='lat' dir='ltr'>solet</span> 
     </span>
     <span class='ocr_line' id='line_1_43' title="bbox 178 4208 1259 4293; baseline 0.004 -23"><span class='ocrx_word' id='word_1_329' title='bbox 178 4208 215 4272; x_wconf 89' lang='lat' dir='ltr'>S.</span> <span class='ocrx_word' id='word_1_330' title='bbox 246 4208 350 4271; x_wconf 89' lang='lat' dir='ltr'>Sedes</span> <span class='ocrx_word' id='word_1_331' title='bbox 379 4212 420 4273; x_wconf 89' lang='lat' dir='ltr'>ad</span> <span class='ocrx_word' id='word_1_332' title='bbox 450 4229 548 4275; x_wconf 90' lang='lat' dir='ltr'>suum</span> <span class='ocrx_word' id='word_1_333' title='bbox 581 4231 743 4275; x_wconf 86' lang='lat' dir='ltr'>revocare</span> <span class='ocrx_word' id='word_1_334' title='bbox 773 4211 1018 4293; x_wconf 89' lang='lat' dir='ltr'>beneplacitum</span> <span class='ocrx_word' id='word_1_335' title='bbox 1056 4213 1259 4276; x_wconf 89' lang='lat' dir='ltr'>erectionem</span> 
     </span>
     <span class='ocr_line' id='line_1_44' title="bbox 179 4292 1257 4376; baseline 0.002 -24"><span class='ocrx_word' id='word_1_336' title='bbox 179 4292 295 4353; x_wconf 91' lang='lat' dir='ltr'>domus</span> <span class='ocrx_word' id='word_1_337' title='bbox 318 4293 523 4357; x_wconf 81' lang='lat' dir='ltr'>Novitiatus.</span> <span class='ocrx_word' id='word_1_338' title='bbox 549 4293 619 4358; x_wconf 84' lang='lat' dir='ltr'>Cfr.</span> <span class='ocrx_word' id='word_1_339' title='bbox 643 4296 723 4358; x_wconf 70' lang='lat' dir='ltr'>ficia</span> <span class='ocrx_word' id='word_1_340' title='bbox 746 4295 840 4359; x_wconf 88' lang='lat' dir='ltr'>Coac.</span> <span class='ocrx_word' id='word_1_341' title='bbox 858 4293 941 4376; x_wconf 82' lang='lat' dir='ltr'>pica.</span> <span class='ocrx_word' id='word_1_342' title='bbox 959 4294 1118 4358; x_wconf 74' lang='lat' dir='ltr'>Ancaricae</span> <span class='ocrx_word' id='word_1_343' title='bbox 1132 4293 1257 4364; x_wconf 79' lang='lat' dir='ltr'>latinae,</span> 
     </span>
     <span class='ocr_line' id='line_1_45' title="bbox 176 4375 1136 4460; baseline 0.004 -24"><span class='ocrx_word' id='word_1_344' title='bbox 176 4394 212 4437; x_wconf 86' lang='lat' dir='ltr'>u.</span> <span class='ocrx_word' id='word_1_345' title='bbox 229 4392 300 4454; x_wconf 81' lang='lat'>325,</span> <span class='ocrx_word' id='word_1_346' title='bbox 318 4375 471 4458; x_wconf 86' lang='lat' dir='ltr'>rejiciens</span> <span class='ocrx_word' id='word_1_347' title='bbox 488 4377 530 4439; x_wconf 90' lang='lat' dir='ltr'>ad</span> <span class='ocrx_word' id='word_1_348' title='bbox 544 4377 707 4456; x_wconf 87' lang='lat' dir='ltr'>Biazarri,</span> <span class='ocrx_word' id='word_1_349' title='bbox 721 4399 754 4460; x_wconf 91' lang='lat' dir='ltr'>p.</span> <span class='ocrx_word' id='word_1_350' title='bbox 770 4384 831 4458; x_wconf 85' lang='lat'>838</span> <span class='ocrx_word' id='word_1_351' title='bbox 847 4399 880 4442; x_wconf 91' lang='lat' dir='ltr'>n.</span> <span class='ocrx_word' id='word_1_352' title='bbox 898 4385 963 4458; x_wconf 87' lang='lat' dir='ltr'>9et</span> <span class='ocrx_word' id='word_1_353' title='bbox 977 4383 1037 4459; x_wconf 86' lang='lat'>839</span> <span class='ocrx_word' id='word_1_354' title='bbox 1054 4398 1087 4441; x_wconf 92' lang='lat' dir='ltr'>n.</span> <span class='ocrx_word' id='word_1_355' title='bbox 1105 4397 1136 4458; x_wconf 91' lang='lat'>7.</span> 
     </span>
    </p>

    <p class='ocr_par' dir='ltr' id='par_1_12' title="bbox 221 4457 1262 4544">
     <span class='ocr_line' id='line_1_46' title="bbox 221 4457 1262 4544; baseline 0.002 -23"><span class='ocrx_word' id='word_1_356' title='bbox 221 4477 250 4534; x_wconf 81' lang='lat'>3.</span> <span class='ocrx_word' id='word_1_357' title='bbox 269 4457 412 4522; x_wconf 90' lang='lat' dir='ltr'>Ceterae</span> <span class='ocrx_word' id='word_1_358' title='bbox 428 4460 520 4540; x_wconf 89' lang='lat' dir='ltr'>leges</span> <span class='ocrx_word' id='word_1_359' title='bbox 543 4480 654 4543; x_wconf 90' lang='lat' dir='ltr'>perse</span> <span class='ocrx_word' id='word_1_360' title='bbox 670 4481 736 4524; x_wconf 91' lang='lat' dir='ltr'>non</span> <span class='ocrx_word' id='word_1_361' title='bbox 752 4469 832 4524; x_wconf 92' lang='lat' dir='ltr'>sunt</span> <span class='ocrx_word' id='word_1_362' title='bbox 853 4480 969 4544; x_wconf 91' lang='lat' dir='ltr'>presse</span> <span class='ocrx_word' id='word_1_363' title='bbox 985 4460 1212 4524; x_wconf 90' lang='lat' dir='ltr'>traducendae</span> <span class='ocrx_word' id='word_1_364' title='bbox 1228 4457 1262 4523; x_wconf 91' lang='lat' dir='ltr'>in</span> 
     </span>
    </p>
   </div>
   <div class='ocr_carea' id='block_1_6' title="bbox 1309 1393 1474 1557">
    <p class='ocr_par' dir='ltr' id='par_1_13' title="bbox 1309 1393 1474 1557">
     <span class='ocr_line' id='line_1_47' title="bbox 1330 1393 1472 1461; baseline -0.007 -22"><span class='ocrx_word' id='word_1_365' title='bbox 1330 1393 1406 1461; x_wconf 31' lang='lat' dir='ltr'>&#39;Quoi</span> <span class='ocrx_word' id='word_1_366' title='bbox 1420 1397 1472 1449; x_wconf 85' lang='lat' dir='ltr'>pas·</span> 
     </span>
     <span class='ocr_line' id='line_1_48' title="bbox 1309 1459 1472 1517; baseline -0.018 -19"><span class='ocrx_word' id='word_1_367' title='bbox 1309 1459 1363 1498; x_wconf 78' lang='lat' dir='ltr'>sint</span> <span class='ocrx_word' id='word_1_368' title='bbox 1374 1465 1421 1497; x_wconf 83' lang='lat' dir='ltr'>esse</span> <span class='ocrx_word' id='word_1_369' title='bbox 1430 1465 1472 1517; x_wconf 77' lang='lat' dir='ltr'>aa·</span> 
     </span>
     <span class='ocr_line' id='line_1_49' title="bbox 1310 1522 1474 1557; baseline -0.006 -2"><span class='ocrx_word' id='word_1_370' title='bbox 1310 1522 1474 1557; x_wconf 80' lang='lat' dir='ltr'>meromama·</span> 
     </span>
    </p>
   </div>
   <div class='ocr_carea' id='block_1_7' title="bbox 1311 1565 1356 1614">
    <p class='ocr_par' dir='ltr' id='par_1_14' title="bbox 1311 1565 1356 1614">
     <span class='ocr_line' id='line_1_50' title="bbox 1311 1565 1356 1614; baseline 0.022 -1"><span class='ocrx_word' id='word_1_371' title='bbox 1311 1565 1356 1614; x_wconf 82' lang='lat' dir='ltr'>ies.</span> 
     </span>
    </p>
   </div>
   <div class='ocr_carea' id='block_1_8' title="bbox 1313 2064 1473 2170">
    <p class='ocr_par' dir='ltr' id='par_1_15' title="bbox 1313 2064 1473 2170">
     <span class='ocr_line' id='line_1_51' title="bbox 1340 2064 1473 2131; baseline -0.015 -21"><span class='ocrx_word' id='word_1_372' title='bbox 1340 2064 1378 2110; x_wconf 81' lang='lat' dir='ltr'>Da</span> <span class='ocrx_word' id='word_1_373' title='bbox 1396 2067 1473 2131; x_wconf 69' lang='lat' dir='ltr'>supar-</span> 
     </span>
     <span class='ocr_line' id='line_1_52' title="bbox 1313 2135 1466 2170; baseline -0.013 0"><span class='ocrx_word' id='word_1_374' title='bbox 1313 2135 1466 2170; x_wconf 77' lang='lat' dir='ltr'>numerariis.</span> 
     </span>
    </p>
   </div>
   <div class='ocr_carea' id='block_1_9' title="bbox 1315 2823 1472 2870">
    <p class='ocr_par' dir='ltr' id='par_1_16' title="bbox 1315 2823 1472 2870">
     <span class='ocr_line' id='line_1_53' title="bbox 1315 2823 1472 2870; baseline -0.019 0"><span class='ocrx_word' id='word_1_375' title='bbox 1315 2823 1472 2870; x_wconf 67' lang='lat' dir='ltr'>Dircaeum</span> 
     </span>
    </p>
   </div>
   <div class='ocr_carea' id='block_1_10' title="bbox 1313 3056 1453 3164">
    <p class='ocr_par' dir='ltr' id='par_1_17' title="bbox 1313 3056 1453 3164">
     <span class='ocr_line' id='line_1_54' title="bbox 1345 3056 1445 3112; baseline -0.05 -6"><span class='ocrx_word' id='word_1_376' title='bbox 1345 3059 1382 3106; x_wconf 80' lang='lat' dir='ltr'>Dc</span> <span class='ocrx_word' id='word_1_377' title='bbox 1400 3056 1445 3112; x_wconf 77' lang='lat' dir='ltr'>lege</span> 
     </span>
     <span class='ocr_line' id='line_1_55' title="bbox 1313 3117 1453 3164; baseline -0.014 -2"><span class='ocrx_word' id='word_1_378' title='bbox 1313 3117 1453 3164; x_wconf 79' lang='lat' dir='ltr'>distantiae.</span> 
     </span>
    </p>
   </div>
   <div class='ocr_carea' id='block_1_11' title="bbox 1315 3570 1474 3688">
    <p class='ocr_par' dir='ltr' id='par_1_18' title="bbox 1315 3570 1474 3688">
     <span class='ocr_line' id='line_1_56' title="bbox 1341 3570 1474 3617; baseline -0.023 0"><span class='ocrx_word' id='word_1_379' title='bbox 1341 3570 1474 3617; x_wconf 82' lang='lat' dir='ltr'>Praestitu-</span> 
     </span>
     <span class='ocr_line' id='line_1_57' title="bbox 1315 3627 1427 3688; baseline 0 -15"><span class='ocrx_word' id='word_1_380' title='bbox 1315 3632 1351 3674; x_wconf 72' lang='grc' dir='ltr'>ται</span> <span class='ocrx_word' id='word_1_381' title='bbox 1362 3627 1427 3688; x_wconf 80' lang='lat' dir='ltr'>leges.</span> 
     </span>
    </p>
   </div>
   <div class='ocr_carea' id='block_1_12' title="bbox 1314 3741 1458 3856">
    <p class='ocr_par' dir='ltr' id='par_1_19' title="bbox 1314 3741 1458 3856">
     <span class='ocr_line' id='line_1_58' title="bbox 1342 3741 1458 3787; baseline -0.034 0"><span class='ocrx_word' id='word_1_382' title='bbox 1342 3741 1458 3787; x_wconf 83' lang='lat' dir='ltr'>Assensus</span> 
     </span>
     <span class='ocr_line' id='line_1_59' title="bbox 1314 3796 1434 3856; baseline 0.017 -14"><span class='ocrx_word' id='word_1_383' title='bbox 1314 3796 1434 3856; x_wconf 72' lang='lat' dir='ltr'>Episcopi.</span> 
     </span>
    </p>
   </div>
   <div class='ocr_carea' id='block_1_13' title="bbox 1316 4152 1475 4375">
    <p class='ocr_par' dir='ltr' id='par_1_20' title="bbox 1316 4152 1475 4375">
     <span class='ocr_line' id='line_1_60' title="bbox 1342 4152 1475 4212; baseline -0.015 -12"><span class='ocrx_word' id='word_1_384' title='bbox 1342 4152 1475 4212; x_wconf 82' lang='lat' dir='ltr'>BenepIaci·</span> 
     </span>
     <span class='ocr_line' id='line_1_61' title="bbox 1317 4215 1474 4270; baseline 0.013 -14"><span class='ocrx_word' id='word_1_385' title='bbox 1317 4215 1364 4258; x_wconf 81' lang='lat' dir='ltr'>tum</span> <span class='ocrx_word' id='word_1_386' title='bbox 1384 4215 1474 4270; x_wconf 81' lang='lat' dir='ltr'>apasto-</span> 
     </span>
     <span class='ocr_line' id='line_1_62' title="bbox 1317 4268 1445 4336; baseline -0.016 -20"><span class='ocrx_word' id='word_1_387' title='bbox 1317 4268 1387 4316; x_wconf 82' lang='lat' dir='ltr'>iicam</span> <span class='ocrx_word' id='word_1_388' title='bbox 1400 4274 1445 4336; x_wconf 85' lang='lat' dir='ltr'>pra</span> 
     </span>
     <span class='ocr_line' id='line_1_63' title="bbox 1316 4327 1453 4375; baseline -0.007 -1"><span class='ocrx_word' id='word_1_389' title='bbox 1316 4327 1453 4375; x_wconf 82' lang='lat' dir='ltr'>Novitiatn.</span> 
     </span>
    </p>
   </div>
   <div class='ocr_carea' id='block_1_14' title="bbox 1316 4468 1477 4588">
    <p class='ocr_par' dir='ltr' id='par_1_21' title="bbox 1316 4468 1477 4588">
     <span class='ocr_line' id='line_1_64' title="bbox 1345 4468 1477 4517; baseline -0.045 0"><span class='ocrx_word' id='word_1_390' title='bbox 1345 4468 1402 4517; x_wconf 84' lang='lat' dir='ltr'>Non</span> <span class='ocrx_word' id='word_1_391' title='bbox 1422 4469 1477 4514; x_wconf 82' lang='lat' dir='ltr'>sant</span> 
     </span>
     <span class='ocr_line' id='line_1_65' title="bbox 1316 4528 1455 4588; baseline -0.022 -12"><span class='ocrx_word' id='word_1_392' title='bbox 1316 4528 1379 4576; x_wconf 73' lang='lat' dir='ltr'>aliar</span> <span class='ocrx_word' id='word_1_393' title='bbox 1388 4529 1455 4588; x_wconf 82' lang='lat' dir='ltr'>leges.</span> 
     </span>
    </p>
   </div>
   <div class='ocr_carea' id='block_1_15' title="bbox 0 0 1591 5004">
    <p class='ocr_par' dir='ltr' id='par_1_22' title="bbox 0 0 1591 5004">
     <span class='ocr_line' id='line_1_66' title="bbox 0 0 1591 5004; baseline 0 0"><span class='ocrx_word' id='word_1_394' title='bbox 0 0 1591 5004; x_wconf 95' lang='lat' dir='ltr'> </span> 
     </span>
    </p>
   </div>
  </div>
 </body>
</html>
