3134 5016
315 402 333 469 3
343 401 375 468 'tl
705 425 771 462 nans
787 427 872 462 noun.
890 427 980 464 canuc
999 427 1019 462 11

316 567 373 633 nis,
399 557 668 628 Confraternitas
698 561 859 625 canonice
889 562 1019 626 exsistit
1051 569 1088 626 ut
1115 583 1238 646 corpus
1268 567 1416 644 morale,

264 667 266 672 ’
316 651 517 713 instructum
532 646 634 708 etiam
646 645 763 725 gratiis
776 651 810 707 et
827 645 1057 726 indulgentiis.

111 1011 151 1076 Ag
167 1010 264 1076 regalio-

104 1081 155 1114 ηιςἸ
180 1077 237 1122 olto,

133 1425 203 1483 Leges
212 1439 220 1471 :

112 1507 263 1553 Praetermo·

105 1564 134 1610 do
147 1561 243 1624 descrip-

106 1626 152 1678 ltls,

136 1701 233 1760 Ueritas,

115 1867 264 1923 Similitudo,

357 739 549 823 Episcopolis
573 745 686 800 autem
708 738 846 814 erecti0,
874 741 968 801 salvo
984 738 1116 822 speciali
1143 740 1289 816 Induit0‚
1318 761 1415 804 mere

318 825 436 888 tribuit
465 842 537 884 esse
562 820 754 903 juridicum,
784 821 892 882 nullas
918 831 1032 884 autem
1062 821 1299 904 indulgentias.
1334 825 1417 890 Hae

318 905 433 988 quaeri
448 912 528 967 tunc
545 910 793 966 consueverunt
806 919 868 985 ope
883 903 1135 986 Aggregotiont's.

361 1001 449 1067 547.
487 1003 539 1062 De
577 1000 891 1060 Confraternitatis
929 1002 1192 1078 aggregatione.
1234 1025 1261 1064 1.
1298 1003 1414 1066 Notio.

319 1082 524 1164 Aggregatio
556 1093 608 1142 est
638 1080 936 1143 Confraternitatis
971 1082 1041 1164 jam
1079 1083 1250 1146 canonice·
1274 1095 1413 1148 erectae

319 1166 490 1248 adjunctio
515 1165 557 1226 ad
570 1162 891 1225 Confraternitatem
914 1161 1131 1245 principalem
1148 1184 1207 1226 seu
1224 1167 1413 1232 Archicon·

319 1248 576 1324 fraternitatem,
608 1245 649 1306 ad
678 1245 893 1308 obtinendam
931 1248 1268 1310 communicationem
1303 1249 1414 1314 indul-

319 1331 508 1414 gentiarum
524 1334 558 1390 et
574 1328 774 1409 gratiarum.

360 1449 390 1490 2.
408 1425 515 1508 Leges.
544 1426 576 1501 a)
604 1421 824 1486 Observanda
849 1430 927 1485 sunt
955 1423 1068 1486 omnia
1099 1423 1164 1499 illa,
1193 1427 1413 1506 proportione

319 1509 447 1590 habita,
465 1525 549 1587 quae
566 1506 598 1567 in
613 1505 908 1568 Confraternitatis
932 1507 1101 1568 erectione
1124 1509 1352 1588 postulantur,
1370 1517 1409 1572 ut

320 1613 353 1656 n.
370 1591 477 1669 546‚2,
497 1608 527 1650 c.
544 1596 595 1649 est
611 1588 749 1650 dictum.

360 1688 395 1764 b)
408 1685 473 1749 Uni
486 1691 617 1746 tantum
627 1669 1000 1746 Archiconfraternitati
1014 1683 1172 1765 conjungi
1186 1688 1409 1768 potestquod.

320 1769 400 1846 libet
414 1765 624 1829 sodalicium.
1227 1801 1228 1806 ,

362 1864 392 1938 c)
402 1861 478 1942 Ipsa
491 1859 856 1922 Archiconfraternitas
872 1879 939 1922 non
952 1862 1043 1923 valet
1056 1862 1221 1942 quaslibet
1234 1863 1297 1927 sibi
1310 1885 1411 1948 copu-

320 1947 390 2007 lare
412 1942 715 2006 Confraternitates
741 1943 799 2004 secl
824 1963 882 2004 eas
909 1950 1040 2006 tantum
1067 1964 1154 2023 quae
1176 1946 1242 2008 fine
1257 1955 1291 2008 et
1314 1949 1412 2012 titulo

321 2033 399 2089 suut
415 2025 466 2088 sui
488 2025 624 2088 similes
649 2024 719 2088 Cir.
737 2025 772 2088 S.
798 2025 837 2088 C.
853 2024 980 2108 Indulg.
1001 2044 1035 2104 17
1049 2028 1111 2108 jul.
1132 2033 1221 2107 1891.
1247 2030 1410 2112 Beringer

237 2134 242 2146 ¹
309 2129 373 2192 op.
392 2129 421 2170 c.
439 2129 470 2190 p.
489 2126 559 2188 533,
573 2109 628 2170 vel
643 2108 683 2169 Α.
701 2107 737 2170 S.
754 2108 789 2170 S.
807 2125 899 2186 xxiv,
921 2127 989 2189 125.

134 2185 246 2244 Perpetua

106 2246 250 2301 aggregatio.

123 2326 259 2393 Aaou·

108 2391 180 2430 ΝΟΜ
190 2397 226 2429 vlS
231 2420 235 2430 .

362 2206 394 2281 d)
411 2203 617 2284 Aggregatio
633 2202 730 2265 debet
747 2203 820 2267 fieri
832 2203 864 2264 in
875 2207 1065 2284 perpetuam.

362 2325 392 2381 3.
415 2302 477 2364 Vis.
498 2300 745 2380 Aggregatione
761 2302 978 2380 consequitur
994 2300 1266 2366 Confraternitas
1282 2305 1411 2386 gratias

321 2391 354 2447 et
371 2385 593 2463 indulgentias
610 2401 684 2444 curn
702 2392 896 2464 praesentes
920 2390 990 2446 turn
1019 2384 1151 2446 futuras
1174 2405 1260 2465 quae
1288 2387 1411 2468 prima·

322 2467 390 2530 riae
408 2465 686 2528 Confraternitati
703 2465 829 2527 directe
845 2465 1036 2545 obtingunt,
1054 2467 1117 2529 nisi
1140 2468 1218 2531 huic
1245 2471 1407 2548 quaedam

321 2550 418 2611 titulo
430 2547 566 2628 speciali
583 2547 707 2608 fuerint
724 2567 897 2610 concessa.
915 2549 984 2611 Nec
1001 2567 1060 2629 per
1075 2569 1112 2611 se
1128 2558 1179 2613 est
1194 2551 1225 2611 in
1239 2557 1405 2631 potestate

246 2707 248 2711 Ι
321 2629 714 2693 Arcbiconl'raternitatis
743 2631 965 2710 aggregantis'
985 2631 1161 2694 'deminute
1190 2651 1249 2693 seu
1283 2633 1407 2710 partim

138 2921 226 2988 Quibus

108 2978 266 3025 altasvit'sim-

104 3037 265 3095 petrenlum'n-

108 3093 237 3151 dulgentiat
246 3092 259 3138 .³

137 3175 237 3242 Dlrtcla

106 3239 198 3291 gralia.

321 2720 452 2774 tantum
469 2713 530 2772 has
547 2711 674 2791 gratias
698 2711 899 2792 participare
924 2716 1119 2794 aggregatis
1136 2712 1314 2776 sodaliciis.
1333 2712 1404 2776 Cir.

321 2795 485 2873 Beringer
498 2796 518 2855 l.
537 2814 566 2855 c.
579 2793 596 2874 ,t
608 2798 628 2854 5
640 2813 680 2855 ex
696 2794 731 2857 S.
749 2794 788 2857 C.
806 2794 937 2874 Indulg.
965 2802 1001 2859 18
1020 2799 1093 2874 jun.
1116 2811 1192 2879 1742
1207 2803 1283 2860 eto
1305 2805 1405 2860 mart.

325 2883 414 2959 1748,
430 2877 524 2939 Dect.
538 2876 634 2938 Auta.
652 2896 686 2938 n.
707 2896 761 2956 135
779 2887 812 2938 et
828 2897 881 2956 171
900 2878 942 2940 ad
961 2902 988 2941 1.

365 2973 452 3114 5¹58.
480 2972 639 3052 Quaeres
666 2991 732 3052 qua
757 2972 823 3034 alia
849 2973 905 3035 via
932 2973 1104 3055 impetrari
1131 2977 1262 3057 possint
1290 2979 1409 3040 Indul-

322 3074 388 3132 gen
408 3073 477 3117 rae.

363 3149 404 3212 R.
419 3148 547 3210 Diteclo
560 3149 667 3232 gratia
683 3149 719 3213 S.
739 3150 848 3212 Sedis.

357 3269 516 3341 Rescriptis
529 3269 591 3324 istis
601 3269 722 3325 concedi
744 3270 861 3326 solent:
879 3270 912 3344 a)
924 3268 998 3326 Tres
1018 3269 1224 3343 Indulgentiae
1249 3272 1406 3344 plenariae,

321 3372 446 3427 quarum
473 3370 533 3409 una
560 3371 612 3425 pro
638 3353 792 3425 principali
816 3351 889 3408 sesto
916 3354 1057 3422 sodalicii,
1083 3356 1170 3412 binae
1189 3374 1258 3412 vero
1280 3357 1409 3430 reliquae

321 3439 471 3495 sodalibus
490 3447 701 3508 comparantur
721 3437 768 3492 die
789 3455 847 3508 qua
870 3448 1046 3508 coaptantur
1058 3449 1087 3496 et
1102 3441 1132 3496 in
1147 3441 1387 3519 articulo-mortis
1396 3457 1405 3509 ,·

273 3569 274 3572 ,
322 3527 355 3582 hl
369 3521 480 3597 Quarer
493 3519 523 3575 in
538 3537 628 3586 anno,
653 3520 838 3592 indulgentia
860 3533 973 3591 septem
998 3539 1147 3580 annorum
1167 3533 1197 3580 et
1209 3536 1321 3598 septem
1336 3542 1407 3597 qua·
1430 3543 1432 3547 ·
1452 3543 1454 3550 ·

321 3607 517 3677 dragenarum
525 3620 533 3672 ;
551 3603 579 3678 c)
596 3603 785 3676 Indulgenria
797 3605 833 3660 bo
843 3605 959 3661 dierum
974 3623 1025 3677 pro
1036 3608 1160 3679 singulis
1175 3609 1261 3664 bonis
1273 3610 1408 3681 operibus

322 3689 479 3746 sodalium.
1406 3744 1408 3749 .

357 3771 393 3826 R.
409 3771 443 3827 P.
461 3768 611 3839 Beringer,
625 3787 644 3825 a
656 3787 714 3841 quo
728 3770 800 3825 haec
815 3779 998 3840 mutuamur,
1013 3772 1101 3843 hanc,
1119 3791 1148 3846 p.
1160 3790 1186 3846 3,
1200 3792 1229 3830 n.
1241 3773 1287 3847 4't,
1300 3774 1408 3832 indicat

321 3853 448 3910 sormam
464 3852 604 3924 supplicis
618 3852 707 3907 libelli
721 3871 728 3908 :

358 3957 371 3985 «
392 3930 569 3992 Beatissimo
582 3931 676 3992 Pater
688 3933 699 3993 l

357 4019 391 4075 ln
405 4019 528 4076 ecclesia
548 4018 695 4076 Sancti...
720 4020 822 4077 loci...
848 4021 1037 4079 dioecesin...
1058 4023 1202 4079 canonice
1216 4023 1351 4080 instituta
1366 4033 1408 4082 est

320 4105 369 4178 pia
378 4104 517 4160 sodalitas
527 4105 582 4160 sub
595 4104 679 4161 ritulo
694 4103 841 4161 Sancum.
856 4123 891 4161 eo
906 4104 965 4162 fine
980 4121 1057 4163 ut...
1073 4107 1141 4182 Quo
1152 4109 1248 4180 magis
1262 4108 1406 4164 sodalium

320 4189 415 4247 servor
427 4201 455 4247 et
468 4191 584 4247 devotio
594 4201 746 4271 augeatur,
763 4193 827 4265 ipsa
842 4194 982 4250 sodalitas
996 4195 1167 4252 humillime
1181 4195 1262 4268 petit,
1278 4205 1311 4251 ut
1323 4194 1354 4252 S.
1369 4194 1409 4253 V.
1434 4265 1437 4272 1

320 4292 387 4332 eam
401 4273 591 4346 indulgentiis
604 4267 699 4332 ditare¹
710 4276 856 4348 dignetur,
878 4277 976 4334 scit...
1000 4275 1148 4335 Sodalitas
1166 4279 1315 4351 praedicta
1334 4279 1406 4334 nulli

318 4355 632 4414 archiconlraternitati
645 4369 689 4415 est
702 4368 860 4432 aggregata
874 4375 970 4432 neque
987 4361 1024 4415 ab
1039 4359 1152 4419 Ordine
1167 4362 1304 4435 religioso
1324 4360 1404 4420 insti-
