3142 5004
112 793 258 846 Martialium

98 870 119 924 a¹
128 855 218 901 Visite-

100 921 168 961 none.

129 1339 204 1386 Notio
239 1337 261 1381 rt

100 1399 136 1444 ris
169 1394 261 1453 obligo·

101 1456 183 1506 lionis.

123 1537 260 1600 ‘Obligatio

102 1608 138 1640 urs
175 1595 260 1654 subjec-

103 1659 163 1705 tum:
256 1664 260 1672 '

131 1736 247 1787 Initium·

134 2429 259 2486 Obiectrrm.

119 2857 156 2902 De
166 2869 262 2922 comme-

104 2920 236 2960 moratione

104 2970 262 3019 Fundarorrs.

134 3091 184 3152 Quo
203 3091 248 3138 Ca·

104 3149 211 3196 lrndario
232 3151 265 3196 sit

104 3207 211 3254 ruendum

104 3266 186 3318 Domi,

133 3349 165 3395 In
189 3349 264 3396 alteru

105 3407 179 3459 domo.

310 379 370 444 181
598 396 665 432 usas
680 395 800 444 punnrn.
818 394 914 431 suerro
929 395 968 432 111.
987 395 1077 432 onnus
1093 396 1113 432 ιι

306 529 377 611 jam
404 521 530 589 faciunt
556 524 753 587 sollemnem
779 521 1034 606 professionem,
1067 542 1107 584 ea
1137 530 1272 591 tantum
1302 530 1402 594 chori
1436 512 1438 516 ’

311 608 515 690 obligatione
537 612 697 669 tenentur
720 624 821 686 quam
844 605 1000 689 propriae
1024 605 1200 689 imponunt
1224 610 1403 678 Constitu·

313 694 432 756 tiones.
445 691 498 754 Ita
510 689 545 754 S.
555 688 967 767 Paenitentiaria‚26-nov.
981 693 1070 769 1858.
1080 687 1151 770 Cir.
1159 692 1314 776 Gury,11,
1328 703 1401 782 185.

354 776 443 841 31s.
467 775 643 836 Moniales
668 773 785 834 dictae
809 773 1074 852 aVisitatione,
1101 778 1134 834 et
1157 775 1185 838 si
1212 795 1298 856 quae
1314 779 1403 843 aliae

313 858 456 921 recitare
477 862 610 919 tantum
631 853 776 916 debeant
791 853 946 916 Officium
963 854 1065 926 Β.,Μ.
1084 855 1140 934 V.,
1158 855 1236 922 licet
1252 859 1405 930 habeant

313 946 395 1004 vota
409 937 595 1016 sollemnia,
614 936 676 1000 sub
699 936 795 1018 gravi
819 936 861 999 ad
877 936 942 1000 hoc
958 935 1104 1002 officium
1129 958 1196 1002 non
1220 950 1405 1009 censentur

314 1023 468 1105 obligari.

533 1182 575 1245 II.
601 1184 654 1245 De
677 1183 816 1259 privata
841 1181 955 1244 Officii
978 1183 1187 1246 recitatione

356 1354 444 1419 317.
474 1372 502 1414 1.
530 1351 635 1415 Gravi
659 1351 1058 1428 tenentur'obligatione
1088 1354 1262 1417 recitandi
1286 1355 1400 1417 Officii

316 1437 428 1499 divini
457 1453 558 1496 orrrnes
582 1433 737 1514 utriusque
764 1451 851 1494 sexus
874 1432 1059 1497 sollemniter
1086 1434 1221 1518 professi
1252 1441 1279 1498 et
1307 1435 1402 1498 simul

317 1517 454 1600 deputati
468 1517 568 1579 chore.
1063 1577 1066 1582 ,

357 1600 491 1663 Initium
514 1597 727 1679 obligationis
751 1603 802 1660 est
825 1619 844 1660 a
867 1604 1017 1661 moriente
1040 1598 1268 1683 professionis.
1288 1601 1403 1684 Quare

317 1690 430 1765 partes
454 1700 595 1762 quorum
619 1680 791 1763 proprium
816 1688 949 1763 tempus
974 1687 1025 1745 est
1041 1691 1120 1746 anre
1136 1685 1256 1747 horam
1274 1685 1402 1762 proies·

317 1765 420 1828 sionis
446 1783 513 1827 non
541 1770 620 1826 sunt
643 1763 676 1826 in
704 1763 922 1846 professionis
950 1764 1001 1827 die
1029 1767 1235 1829 recitandae.
1265 1767 1300 1830 Si
1327 1768 1401 1847 quis

313 1850 382 1930 jam
412 1853 481 1910 onte
505 1845 724 1927 professionem
754 1846 949 1909 recitaverit
979 1848 1191 1912 Breviarium
1228 1849 1302 1927 diei,
1336 1869 1409 1912 non.

317 1931 450 1993 uidetur
473 1931 552 1992 illud
576 1929 697 1990 debere
722 1938 886 2010 repetere.
912 1929 999 1992 Sunt
1026 1937 1139 1994 tamen
1167 1933 1223 2012 qui
1250 1932 1402 1995 severius

317 2014 554 2094 respondeant.
572 2012 642 2074 Clr.
661 2012 696 2075 S.
714 2011 934 2092 Alphonsum,
953 2011 975 2074 l.
992 2035 1011 2092 4
1028 2015 1084 2092 (5),
1104 2035 1136 2076 n.
1159 2036 1227 2098 140.

358 2097 498 2160 Privata
514 2093 713 2157 recitatione
730 2114 796 2156 non
813 2100 972 2156 tenentur
988 2096 1127 2174 Novitii,
1145 2117 1206 2160 nec
1224 2097 1399 2173 Conversi,

318 2201 379 2242 nec
395 2178 555 2260 Religiosi
572 2177 751 2240 Societatis
766 2178 848 2261 Jesu
864 2180 944 2257 (qua
959 2177 1119 2258 Prolessi,
1139 2187 1296 2244 tenentur
1312 2177 1402 2244 enim

318 2283 359 2357 err
380 2262 497 2372 ordine
513 2279 610 2323 sacro
633 2262 817 2342 suscepto),
842 2279 904 2322 nec
928 2259 1076 2324 Prolessi
1104 2269 1262 2327 votorum
1280 2261 1404 2346 simpli·

319 2366 408 2409 crum
441 2390 449 2407 .

360 2451 390 2490 a.
407 2423 576 2506 Obligatio
592 2430 717 2503 autem,
729 2429 786 2508 per
800 2446 840 2494 se,
860 2443 918 2486 seu
937 2425 1000 2489 nisi
1016 2427 1107 2490 aliud
1123 2434 1255 2490 constet
1272 2448 1312 2490 ex
1323 2427 1402 2508 jure

319 2509 467 2589 speciali,
492 2526 560 2569 non
583 2506 818 2589 complectitur
842 2507 905 2570 nisi
921 2508 1075 2572 Officium
1099 2510 1162 2571 diei
1178 2515 1211 2571 et
1226 2513 1402 2590 praeterea

319 2592 415 2655 Offic.
442 2588 676 2653 defunctorum
703 2589 755 2652 die
782 2611 800 2652 2
827 2609 919 2668 nov„
945 2597 978 2653 et
1000 2591 1132 2654 litanias
1159 2597 1228 2652 tam
1251 2589 1285 2652 in
1315 2588 1402 2652 festo

320 2676 355 2738 S.
373 2673 479 2737 Marci
495 2691 594 2764 quam
611 2671 727 2734 diebus
743 2672 973 2752 Rogationum
988 2674 1012 2737 ².
1030 2672 1184 2735 Litaniae
1201 2692 1267 2734 non
1284 2672 1398 2736 valent

319 2756 426 2840 pridie
448 2755 595 2817 recitari.
1301 2767 1303 2776 ’

359 2841 406 2904 N.
426 2838 468 2900 Β.
491 2838 544 2900 Ex
566 2836 601 2899 S.
625 2838 693 2900 Rit.
719 2836 845 2918 Congr.
874 2859 912 2920 27
935 2838 1006 2920 jan.
1039 2843 1127 2918 1899,
1155 2839 1342 2918 Regulares
1370 2835 1404 2899 in

320 2920 487 3000 suffragiis
514 2921 749 2983 communibus
773 2920 878 2982 deberit
901 2939 1165 2984 commemorare
1192 2919 1328 2986 Ordinis
1354 2918 1406 2980 sui

320 3005 544 3067 fundatorem.
570 3001 641 3065 Cfr.
665 3004 796 3065 Decreta
820 3001 921 3080 areth„
947 3025 980 3068 n.
1005 3025 1098 3086 4043.

362 3089 450 3152 318.
472 3107 498 3147 1.
516 3085 691 3166 inproprie
710 3087 888 3166 Regularis
911 3086 1001 3148 dorio
1028 3087 1261 3149 observandus
1278 3090 1340 3160 est,
1365 3088 1402 3145 ut

320 3176 425 3252 patet,
451 3168 533 3231 ordo
556 3168 703 3251 legitime
726 3169 771 3230 illi
796 3168 907 3231 domui
932 3169 1135 3251 descriptus

362 3275 390 3316 2.
416 3251 593 3332 Regularis
609 3258 723 3314 autem
741 3251 795 3332 qui
812 3257 899 3313 extro
915 3250 1039 3312 dorrerrrrr
1056 3257 1214 3314 versatur
1233 3273 1239 3312 ε
1333 3279 1338 3286 ’

361 3340 393 3416 a)
418 3335 453 3398 Si
470 3335 574 3397 choro
600 3341 651 3396 est
677 3334 849 3412 astrictus,
874 3331 983 3404 debet,
1012 3331 1044 3393 in
1074 3333 1174 3394 altere
1195 3332 1247 3395 sui
1270 3331 1404 3395 Ordinis

320 3419 420 3495 dorio,
448 3417 549 3497 hujus
579 3417 672 3496 sequi
702 3416 928 3479 calendarium
960 3414 981 3475 ³.
1013 3415 1201 3478 Deficiente
1230 3415 1336 3477 choro
1372 3415 1404 3476 in

227 3555 230 3559 .
320 3521 382 3564 sua
407 3500 593 3580 Religione,
622 3499 675 3560 ille
703 3499 758 3579 qui
787 3498 830 3560 ad
859 3496 943 3558 breve
973 3501 1088 3579 ternpus
1119 3504 1347 3560 commoratur
1371 3496 1404 3557 in

132 3835 163 3880 ln
174 3835 261 3884 itinere,

319 3585 428 3646 aliena
450 3582 547 3643 domo
571 3586 684 3644 servet
706 3581 863 3664 propriae
886 3578 1004 3642 domus
1028 3579 1180 3643 ordinem
1197 3580 1225 3655 4;
1249 3577 1404 3658 quivero

318 3666 360 3744 ud
376 3663 507 3727 rrotnbile
522 3668 646 3745 tempos,
662 3670 782 3747 utputa
797 3665 886 3725 ultra
899 3681 1059 3742 mensem,
1073 3665 1234 3743 sequatur
1251 3659 1402 3723 ordinem

319 3749 437 3810 domus
462 3745 517 3807 ubi
541 3752 604 3808 est.

359 3831 392 3909 b)
410 3831 445 3891 [ιι
457 3827 576 3907 itinere,
592 3836 705 3891 servet
728 3828 905 3909 religiosus
930 3827 1085 3892 ordinem
1102 3826 1220 3889 domus
1236 3824 1325 3888 unde
1343 3823 1408 3887 dis·

347 4076 354 4110 1
375 4077 401 4123 S.
420 4075 517 4130 Conrr.
536 4087 617 4134 super
635 4077 707 4122 statu
727 4070 915 4132 Regularium,
935 4079 948 4119 6
967 4083 1034 4131 ang.
1055 4076 1119 4119 1838.
1141 4069 1273 4122 Bizzarri.
1294 4083 1321 4129 p.
1347 4075 1405 4128 908:

320 4135 347 4182 S.
365 4133 463 4194 Congr.
482 4131 574 4193 Episc.
592 4137 618 4180 et
635 4132 731 4194 Regul.
751 4147 777 4188 14
793 4133 872 4178 mart.
891 4137 956 4178 1882.
982 4131 1038 4178 Clr.
1063 4129 1141 4178 Nouo.
1159 4129 1215 4179 Rev.
1234 4127 1301 4176 tirr‘ol.
1322 4130 1340 4175 t.
1371 4143 1404 4184 ιι,

319 4199 424 4298 13220311.
438 4249 465 4298 S.
479 4247 535 4296 Rit.
548 4249 659 4305 Congr,
673 4254 699 4294 31
712 4259 775 4305 aug.
790 4252 854 4303 1839,
869 4258 895 4290 n.
909 4251 982 4293 2801.

348 4309 358 4343 3
370 4309 395 4356 S.
410 4306 464 4355 Rit.
479 4308 577 4365 Congr.
590 4314 616 4355 25
628 4310 695 4367 sept.
710 4310 774 4360 1852,
787 4304 893 4350 Decreta.
907 4315 934 4348 n.
950 4309 1020 4350 3001.

349 4369 357 4400 ⁴
371 4366 396 4413 S.
410 4364 466 4413 Rit.
480 4365 577 4424 Congr.
591 4379 618 4420 27
626 4363 685 4422 jun.
700 4370 764 4420 1896,
777 4361 812 4410 ad
826 4368 860 4416 13,
873 4359 979 4411 Drerrla,
995 4373 1022 4407 n.
1037 4366 1104 4417 39r9.
