3148 5004
314 419 371 482 108
603 439 671 475 enus
686 438 807 488 bonurn.
824 439 919 475 suerro
934 439 953 476 1.
970 440 1060 476 cneus
1074 441 1105 478 111

310 575 527 652 hereditates,
555 593 622 636 non
645 579 696 636 est
723 571 785 636 nisi
804 573 899 655 justa
915 574 1013 656 pretii
1029 574 1202 657 stipulatio
1219 580 1257 637 ut
1279 575 1345 638 hoc
1364 596 1400 639 se

310 658 442 721 abdicet
459 659 548 739 jure.
566 657 663 740 Quod
679 656 706 717 si
728 658 792 718 hac
817 655 948 719 ratione
972 677 1026 719 res
1051 657 1213 720 constitui
1238 666 1395 740 nequeat,

310 741 479 821 integrum
502 743 622 802 saltem
640 740 703 803 erit
719 739 780 822 ipsi
804 738 985 803 candidato
1001 739 1066 802 hac
1083 742 1157 821 lege
1181 741 1244 803 sibi
1265 761 1398 823 compa·

313 843 391 887 rare
422 843 599 900 summam,
631 842 731 903 quam
755 822 830 884 dein
861 821 968 902 gratis
1001 831 1034 886 et
1065 843 1127 884 sua
1158 830 1290 905 sponte,
1321 832 1400 888 ante

313 905 566 990 professionem,
579 905 767 985 relinquere
779 905 904 987 poterit
918 906 1137 980 monasterio,
1146 905 1216 968 Ct'r.
1228 906 1400 970 Schnialz-

313 989 458 1070 grueber
484 989 707 1068 l.c.n.198;
735 987 931 1051 Pellizarius
958 994 1002 1050 tr.
1021 1011 1051 1066 2,
1074 1008 1105 1050 c.
1122 1012 1152 1069 9.
1177 1009 1210 1050 n.
1234 1010 1295 1066 22;
1324 990 1399 1053 Piat

314 1079 368 1134 t.1
430 1117 437 1132 .
480 1093 508 1134 1.

355 1091 473 1234 511)th
492 1158 596 1234 patet,
627 1172 694 1214 non
725 1155 947 1234 prohibentur
981 1153 1151 1234 gratuitae
1182 1155 1392 1232 donationes,

313 1243 454 1319 excepta
468 1235 668 1299 limitatione
682 1235 880 1300 Tridentina
897 1256 926 1298 c.
947 1241 994 1299 16.
1013 1235 1083 1298 Cir.
1102 1236 1200 1313 inira,
1216 1257 1250 1300 n.
1267 1253 1342 1302 201.

153 1363 197 1412 m
225 1363 257 1410 aa
355 1319 397 1384 B.
415 1317 507 1402 Quod
521 1317 564 1380 ad
577 1317 724 1380 instituta
738 1323 878 1381 votorum
892 1317 1093 1399 simplicium.
1112 1319 1237 1381 Stricte
1253 1321 1295 1380 ad
1311 1321 1396 1382 haec

99 1424 259 1470 institutam·
314 1419 381 1464 non
395 1401 564 1483 pertinent
576 1401 741 1462 hactenus
754 1401 917 1463 recitatae
929 1401 1136 1465 sanctiones,
1153 1403 1205 1464 Ex
1220 1402 1271 1464 his
1284 1409 1395 1464 tamen

89 1486 175 1584 *ippum
199 1481 257 1525 sim·
315 1484 425 1564 colligi
442 1491 552 1565 potest
574 1483 653 1563 quid
676 1484 779 1546 menti
803 1492 966 1546 consonet
988 1483 1174 1562 Ecclesiae,
1192 1503 1276 1564 quae
1300 1483 1398 1564 simul

96 1543 112 1599 p
122 1551 202 1587 seiam.
315 1574 414 1630 cavet
430 1587 471 1627 ne
486 1566 651 1628 avaritiae
665 1564 740 1628 labe
764 1567 964 1630 sordescant
979 1585 1063 1628 neve
1084 1567 1242 1647 congruis
1259 1572 1398 1628 careant

314 1649 480 1712 alimentis
505 1648 666 1712 instituta
692 1648 871 1728 religiosa:
904 1656 1085 1730 utrumque
1113 1649 1201 1712 enim
1233 1648 1398 1732 spirituali

315 1729 490 1795 adversari
503 1731 602 1805 bono,
621 1752 657 1793 re
673 1738 775 1810 atque
791 1752 855 1802 usu
867 1732 968 1814 nimis
984 1743 1036 1794 est
1052 1739 1275 1815 compertum.

356 1813 449 1877 Solet
479 1819 629 1878 ceterum
667 1813 699 1875 in
729 1816 802 1896 ipsa
833 1815 1123 1878 Constitutionum
1154 1814 1397 1908 approbatione

315 1895 350 1959 S.
376 1897 480 1959 Sedes
495 1916 536 1958 ea
552 1916 637 1977 quae
652 1906 844 1978 opportuna
859 1898 928 1959 sint
944 1897 1111 1978 stipulari.
1131 1897 1183 1960 Ita
1199 1918 1232 1960 m
1249 1897 1397 1978 Congre-

314 1977 506 2060 gationibus
528 1980 706 2042 mulierum
728 1980 924 2061 plerumque
944 1981 1041 2062 jubet
1064 1986 1101 2043 ut
1124 1981 1184 2042 dos
1209 1986 1400 2061 praestetur

314 2061 416 2124 etiam
433 2082 453 2124 a
469 2063 642 2125 sororibus
659 2063 832 2124 conversis
846 2083 853 2140 ;
873 2068 1040 2144 repugnat
1052 2070 1166 2125 autem
1181 2069 1219 2124 ut
1234 2061 1266 2122 vi
1278 2061 1399 2125 Consti-

315 2145 468 2208 tutionum
497 2147 692 2208 universum
718 2145 949 2224 professarum
977 2145 1217 2226 patrimonium
1246 2149 1399 2209 transeat

314 2229 357 2290 ad
377 2229 585 2290 institutum.
613 2227 683 2290 Cir.
708 2228 921 2302 Battandier,
948 2227 1050 2290 Guide
1070 2227 1237 2308 concitique
1253 2232 1334 2309 pour
1356 2225 1398 2290 les

315 2310 550 2374 Constitutionis
561 2309 613 2371 des
622 2309 757 2372 soeursci
773 2331 869 2372 vorax
883 2309 1016 2390 simplas,
1035 2331 1068 2372 n.
1086 2334 1139 2393 94.
1361 2315 1364 2322 '

582 2508 777 2554 Paneheou.
803 2491 843 2554 ne
864 2489 934 2555 dote
958 2490 1132 2556 monialium

313 2660 431 2725 Lupini,
441 2662 480 2716 De
493 2661 685 2717 visitationes.
698 2660 836 2728 liminum,
849 2661 867 2714 t.
880 2662 903 2725 2,
916 2676 939 2714 0.
949 2664 973 2725 5,
986 2662 1039 2715 art.
1053 2663 1077 2725 2,
1089 2676 1116 2716 n.
1131 2663 1257 2727 184-213;
1272 2664 1401 2716 Batian-

347 2740 425 2802 dier‚
437 2740 522 2796 Guide
534 2739 689 2806 canantque
701 2741 754 2794 eta.
766 2754 793 2793 n.
805 2742 900 2796 94-100
912 2753 919 2806 ;
940 2742 1099 2805 Graisson
1121 2743 1174 2798 Des
1192 2739 1385 2799 commundat

348 2819 459 2875 dooeaa
470 2820 579 2887 simplos
591 2834 618 2872 11.
631 2820 749 2873 332-344.

101 2997 263 3105 lilttr
315 2961 1401 3128 ..ltalialtttttthltlllltthsatlltltlt

316 3134 367 3190 est
393 3136 430 3188 ut
453 3127 683 3190 constituatur
705 3126 747 3188 ab
778 3127 851 3210 ipsa
882 3127 917 3190 S.
943 3129 1066 3208 Congr.
1091 3128 1340 3210 Episcoporum
1366 3135 1399 3189 et

315 3211 546 3290 Regularium.
576 3212 674 3272 Anno
699 3215 789 3292 1645,
816 3232 829 3273 1
854 3209 1036 3292 septembr.
1055 3210 1090 3273 S.
1110 3209 1236 3290 Congr.
1261 3207 1399 3272 Concilii

315 3293 487 3357 minimam
503 3294 615 3355 dotem
637 3293 787 3355 delinivit
804 3294 846 3355 ad
862 3315 922 3355 200
937 3301 1073 3355 scutata
1090 3312 1231 3355 romana
1247 3289 1397 3370 (circiter

319 3397 396 3439 1000
408 3376 463 3455 fr.)
480 3375 542 3438 nisi
559 3374 743 3456 Religionis
759 3376 915 3438 conditor
930 3375 1107 3437 statuisset
1124 3375 1298 3437 minorem.

357 3481 387 3522 2.
411 3461 482 3522 Dos
508 3460 624 3520 eadem
657 3459 838 3520 statuenda
870 3459 1102 3521 est·0mnibus
1131 3476 1215 3537 quae
1242 3455 1284 3516 ad
1308 3453 1396 3516 idem

315 3561 422 3622 genus
452 3541 642 3623 pertineant
672 3540 879 3618 monialium,
912 3540 986 3619 nisi,
1018 3541 1061 3603 ob
1085 3539 1314 3603 infirmitatem
1344 3538 1398 3598 vel

316 3625 481 3686 minorem
493 3623 535 3684 ad
548 3640 688 3684 munera
701 3622 924 3701 habilitatem,
939 3625 1013 3706 plus
1030 3623 1186 3686 videatur
1203 3620 1396 3703 petendum.

357 3704 668 3787 Supernumerariis
713 3706 913 3767 monialibus
955 3705 1208 3787 praestituenda
1252 3709 1315 3778 est,
1361 3708 1399 3763 ut

315 3789 459 3850 vidimus
482 3808 516 3850 n.
542 3788 614 3865 116,
638 3787 698 3848 dos
722 3806 806 3866 quae
828 3789 930 3871 duplo
953 3796 1090 3871 superet
1119 3788 1232 3850 dotem
1253 3786 1398 3852 aliarum
1452 3814 1456 3819 ·
1563 3843 1564 3850 ,

315 3890 377 3933 nec
390 3870 530 3932 haereat
543 3869 631 3932 infra
642 3892 702 3950 400
718 3877 864 3932 scutata.

356 3954 438 4028 Nec,
462 3959 499 4014 ut
522 3951 671 4032 plerique
695 3954 823 4025 volunt,
842 3953 913 4015 sine
936 3954 1143 4016 auctoritate
1160 3952 1196 4016 S.
1215 3951 1323 4028 Sedis,
1349 3951 1400 4014 fas

315 4043 378 4114 est,
396 4035 496 4097 etiam
519 4035 546 4097 si
562 4034 768 4096 monasteria
784 4036 851 4096 sint
867 4039 1040 4117 opulenta,
1067 4037 1218 4118 recipere
1234 4035 1307 4097 sine
1321 4034 1398 4095 dote

316 4116 478 4182 moniales
493 4115 631 4186 velatam
648 4135 804 4180 conversas
816 4126 891 4180 aute
901 4140 929 4182 m
947 4120 1037 4181 licet.

357 4223 387 4282 3.
405 4202 442 4262 In
459 4200 511 4263 his
527 4206 639 4262 tamen
656 4200 781 4278 aliquid
798 4199 1014 4263 deferendum
1029 4206 1081 4262 est
1094 4197 1349 4273 consuetudini3
1366 4203 1400 4260 et
1477 4266 1479 4268 ,

316 4284 450 4364 quidam
465 4302 547 4345 usus
561 4283 722 4345 contrarii
736 4282 895 4345 videntur
911 4284 1050 4346 tolerari
1063 4302 1177 4365 posse.
1189 4283 1258 4345 Cir.
1269 4279 1399 4358 Lucidi‚

315 4367 365 4428 De
384 4365 674 4443 Visitatione,11',c.
691 4383 722 4444 5,
739 4364 755 4446 ἕ
771 4382 788 4443 5
807 4385 840 4427 n.
858 4386 930 4428 200.
