3142 5004
141 1433 204 1496 Quid
214 1435 237 1482 se'

114 1506 200 1540 recuses
234 1505 270 1541 ees

113 1550 223 1599 allatas?

114 2197 273 2246 DePracura·

116 2256 216 2313 toritas,
230 2259 271 2302 etc.

145 2766 266 2813 Licentiae

116 2823 275 2871 rtendtueleer·

113 2880 228 2942 pendente·

145 2993 275 3052 Legitimus

116 3057 206 3109 arctor,

117 3341 214 3400 Modus,

119 3590 219 3640 Genera.

323 443 383 506 154
611 463 678 501 suns
694 463 816 512 posnan.
834 462 932 500 saccio
948 461 988 500 ιιι,
1005 461 1095 499 cneus
1110 461 1131 498 11

322 599 481 682 profanos
504 617 559 662 res
582 599 755 676 adhibere,
781 618 900 680 reapse
924 599 1054 682 accepit
1077 599 1351 663 commoditatem
1374 619 1412 663 se

322 681 459 764 gerendi
476 689 513 745 ut
529 682 682 745 dominus
697 703 704 744 ε
722 681 812 761 quod
827 691 879 745 est
895 691 1017 744 contra
1031 690 1161 745 votum.

363 789 395 848 4.
425 764 667 828 Administratio
697 763 847 845 Beneficii
859 787 869 826 .·
901 785 977 828 cum
1006 765 1050 827 sit
1079 764 1265 848 temporale
1295 784 1412 828 conse·

323 852 465 929 quenter
479 867 661 911 annexum.
678 847 799 924 Bouix,
817 864 853 926 11,
871 868 904 931 p.
921 865 993 928 539.
1010 866 1083 930 540·

364 931 416 994 Dc
439 930 596 1012 religioso
619 936 734 992 autem
756 942 912 1012 promoto
935 929 977 994 ad
999 930 1210 999 beneficium,
1230 929 1292 994 clr.
1310 929 1410 1011 infra,

324 1021 421 1095 parte
436 1019 467 1090 8,
485 1013 542 1076 ubi
558 1013 598 1075 de
616 1012 822 1077 ministeriis.

366 1114 396 1176 5.
411 1094 567 1160 Possessio
579 1095 725 1158 bonnam
737 1093 770 1157 ia
786 1095 953 1159 commeani.
967 1097 1043 1159 Hoc
1055 1115 1117 1159 suo
1129 1096 1205 1178 jure
1221 1096 1413 1179 possidendi

324 1197 392 1241 non
418 1186 567 1261 possent,
586 1181 777 1260 postulante
805 1179 953 1247 civitate.
973 1178 1092 1242 cedere
1119 1180 1318 1260 Regulares,
1342 1179 1414 1244 sine

324 1281 466 1325 assensu
493 1261 678 1340 PontificiS,
698 1279 739 1323 ne
757 1261 1000 1345 praejudicium
1025 1261 1186 1325 afferrent
1210 1261 1415 1325 immunitati

324 1344 586 1407 ecclesiasticae.

366 1430 457 1493 258.
488 1429 646 1507 Quaeres
672 1445 716 1490 an
740 1426 845 1491 violet
872 1435 990 1491 votum
1019 1428 1082 1508 qui
1112 1437 1253 1492 recuset
1280 1446 1337 1489 res
1366 1425 1410 1488 ab

295 1545 299 1553 ·
325 1519 487 1574 extraneo
503 1509 658 1572 oblatas?

366 1595 408 1656 R.
436 1591 644 1672 Affirmative,
672 1593 700 1656 si
721 1594 779 1676 jus
807 1598 881 1656 erat
908 1592 1078 1674 Religioso
1109 1598 1142 1654 et
1168 1597 1413 1672 consequenter

326 1676 533 1739 monasterio
555 1675 780 1756 acquisitum:
807 1683 845 1739 ut
866 1677 895 1739 si
917 1684 1041 1757 agatur
1069 1675 1110 1738 de
1131 1676 1254 1756 legato,
1286 1675 1327 1737 de
1356 1673 1415 1736 sti·

326 1758 446 1842 pendio
462 1759 573 1850 operis
591 1758 756 1842 praestiti.

367 1841 530 1924 Negatevc,
568 1841 596 1903 si
628 1849 680 1903 est
718 1861 812 1904 mera
842 1841 1069 1922 eleemosyna,
1101 1839 1239 1903 donatio
1268 1839 1417 1902 nondum

327 1932 528 2007 acceptata:
545 1924 624 2004 quia
645 1930 727 1986 tunc
750 1924 791 1986 de
808 1925 901 1986 nulla
918 1942 955 1985 re
969 1923 1170 2006 disponitur,
1189 1943 1266 1986 cum
1289 1923 1416 1985 nullum

328 2006 372 2070 sit
388 2005 597 2070 Monasterio
607 2005 664 2088 jus
681 2006 897 2086 acquisitum.
925 2005 991 2069 Sed
1006 2007 1035 2068 si
1057 2007 1128 2070 sine
1143 2006 1275 2069 ratione
1299 1998 1418 2084 facias,

329 2089 361 2152 id
377 2089 441 2152 erit
457 2097 578 2152 contra
594 2089 786 2154 caritatem.

369 2175 456 2252 259.
472 2173 538 2235 Nec
548 2176 774 2254 procuratores,
792 2171 959 2249 oeconomi,
980 2170 1258 2242 administratores,
1282 2169 1418 2254 praelati

327 2255 489 2338 inferiores
515 2255 694 2335 quicquam
718 2260 862 2337 possunt
884 2254 1084 2336 expendere,
1108 2265 1230 2316 contra
1244 2275 1284 2317 ac
1300 2255 1417 2335 regula

328 2339 466 2407 ordinis,
478 2341 635 2400 voluntas
649 2337 874 2419 superiorum,
892 2339 946 2400 vel
958 2337 1167 2399 consuetudo
1180 2340 1418 2419 postulaverit.

372 2447 385 2476 s
401 2420 502 2483 Ratio
515 2430 576 2488 est,
594 2421 672 2500 quia
684 2440 751 2482 non
764 2429 844 2482 sunt
857 2419 980 2483 domini
995 2419 1159 2482 bonorum
1177 2421 1416 2489 communium,

329 2504 386 2566 sed
402 2511 535 2564 tantum
551 2502 853 2564 administratores.
867 2501 1057 2584 Laymano,
1067 2502 1089 2565 l.
1104 2524 1131 2580 1,
1141 2508 1213 2571 n.8,
1225 2521 1266 2564 ex
1278 2502 1387 2564 S.Th.
1400 2527 1415 2556 »

328 2587 380 2648 Ita
396 2584 627 2647 Busenbaum.
644 2583 731 2666 Quid
747 2592 860 2646 autem
878 2584 957 2665 ipsis
977 2584 1214 2667 Superioribus
1229 2590 1272 2645 sit
1290 2582 1415 2646 lacien-

329 2668 420 2746 dum,
438 2667 500 2729 clr.
518 2665 617 2743 infra,
635 2667 692 2729 ubi
708 2666 748 2728 de
765 2666 943 2729 Praelatis.

371 2763 461 2826 260.
478 2761 641 2823 Licentia
657 2781 723 2841 qua
738 2768 876 2824 arcetur
888 2761 1019 2826 vituum
1035 2760 1272 2844 proprietatis:

375 2864 401 2906 1.
411 2843 584 2906 Proficisci
596 2842 695 2906 debet
706 2865 726 2906 a
738 2843 900 2925 Superiora
913 2847 966 2910 vel
976 2844 1115 2924 Officiati
1125 2845 1219 2928 cujus
1230 2850 1283 2906 est
1289 2841 1416 2924 provia-

330 2927 395 2996 cia,·
411 2934 445 2988 et
470 2946 491 2988 a
511 2927 648 3009 proprio
671 2926 804 3007 quidem
828 2927 976 3008 religiosi
1000 2928 1195 3010 Superiore.
1212 2929 1337 3010 Quare,
1354 2924 1419 2988 nisi

330 3009 1094 3093 regulaesubdanthospitesSuperioridomus
1104 3010 1137 3072 in
1149 3014 1419 3091 quaversantur,

329 3093 358 3155 is
371 3111 437 3153 non
450 3091 575 3174 poterit
591 3092 726 3154 veniam
739 3093 852 3156 iacere
865 3093 927 3156 nisi
941 3095 980 3156 iis
997 3093 1162 3175 religiosis
1186 3093 1253 3174 qui,
1272 3094 1305 3155 in
1321 3092 1421 3155 domo

329 3175 383 3239 cui
398 3182 545 3257 praeest,
559 3174 707 3237 habeant
720 3175 923 3239 domicilium
940 3177 993 3238 vel
1005 3177 1101 3257 quasi
1113 3175 1329 3239 domicilium.
1348 3173 1391 3237 Cf
1409 3217 1418 3236 .

331 3259 497 3337 Sanchez,
515 3258 547 3321 ia
564 3259 640 3322 Dec.
665 3261 687 3321 l.
712 3278 740 3338 7,
763 3278 792 3321 c.
813 3282 860 3339 19,
880 3280 913 3320 n.
931 3280 990 3341 413
1013 3261 1202 3340 Laymann,
1220 3260 1243 3322 l.
1260 3278 1290 3322 c.
1307 3278 1339 3320 n.
1368 3277 1416 3336 14.

372 3364 404 3405 2.
421 3343 495 3405 Non
512 3349 623 3423 potest
638 3340 758 3423 fraude
773 3344 827 3404 vel
848 3341 880 3404 vi
902 3341 994 3404 illata
1010 3343 1216 3421 extorqueri.
1233 3341 1292 3404 Sin
1308 3339 1418 3402 minus

332 3424 517 3502 concessi0,
531 3432 649 3506 utpote
661 3423 820 3504 gratuita,
836 3424 923 3486 foret
936 3425 1043 3486 irrita.
1058 3423 1128 3486 cn.
1146 3424 1417 3506 nostrasQaaest.

331 3507 381 3569 De
388 3507 529 3588 justitia,
548 3527 580 3568 n.
598 3522 676 3584 311.
693 3520 771 3585 315.
1244 3583 1247 3590 .

374 3611 405 3669 3.
421 3591 539 3652 Potest
554 3607 629 3650 esse
648 3587 803 3669 generatis
818 3589 872 3650 vel
886 3587 1026 3670 specialis
1031 3608 1043 3657 ;
1059 3593 1210 3670 expressa,
1229 3607 1306 3650 cum
1322 3586 1424 3648 datur

333 3671 505 3752 conceptis
533 3670 658 3742 verbm,
689 3672 760 3733 sive
786 3691 849 3752 pro
877 3692 959 3734 casu
986 3671 1123 3754 speciali
1144 3673 1215 3734 sive
1238 3669 1271 3734 in
1287 3668 1422 3732 univer-

334 3752 541 3830 sum;tacita,
557 3771 634 3814 cum
642 3754 832 3832 PraelatuS,
848 3755 896 3816 rei
909 3754 1078 3833 conscius,
1095 3775 1163 3816 non
1186 3753 1354 3836 prohibet,
1368 3748 1425 3810 etsi

327 3833 426 3918 facile
452 3837 541 3916 loqui
569 3843 695 3917 posset.
723 3837 776 3898 Ea
802 3837 905 3901 etiam
932 3838 1062 3901 ratione
1089 3837 1300 3919 explicantur
1327 3851 1420 3910 usuS,

334 3919 390 3999 qui
406 3918 439 3980 in
463 3918 564 3980 certis
587 3918 819 3999 Religionibus
835 3919 964 4000 vigent,
982 3921 1144 3983 nonnulla
1165 3917 1346 4000 recipiendi
1369 3915 1424 3977 vel

334 4000 541 4084 expendendi
564 3999 636 4062 sine
659 4000 759 4064 venia
781 4002 899 4083 petita.
924 4003 1037 4085 Quare
1064 4001 1203 4065 abolitio
1230 3997 1423 4083 hujusmodi

335 4083 587 4147 consuetudinis
603 4095 716 4147 manet
732 4103 865 4166 semper
879 4085 911 4148 in
927 4092 1097 4168 potestate
1112 4084 1274 4148 Praelati.

138 4172 281 4221 bectantia
376 4167 493 4233 Potest
515 4167 617 4229 etiam
641 4186 715 4228 esse
731 4170 943 4260 praesumpta,
973 4188 1013 4230 ex
1039 4165 1234 4230 rationabili
1260 4165 1424 4246 interpre-

121 4234 278 4292 praesumpta.

335 4249 464 4313 tatione
480 4248 665 4313 voluntatis
682 4249 885 4331 Superiores.
1130 4285 1135 4296 ·
1397 4323 1403 4336 ⁸

376 4332 611 4415 Praesumptio
627 4351 728 4413 porro
751 4331 817 4395 ista
840 4334 938 4414 plane
954 4339 1006 4395 est
1028 4331 1187 4414 legitima,
1206 4330 1239 4394 in
1254 4329 1425 4418 adjunctis

336 4413 393 4476 ubi
415 4415 605 4492 Praelatus,
629 4413 812 4496 prudenter
827 4415 956 4478 libratis
971 4415 1081 4494 lactis,
1103 4414 1278 4498 judicatur
1301 4431 1362 4476 nec
1377 4427 1425 4474 rer
