3148 5004
334 457 394 520 llS
628 477 696 514 unas
711 477 832 526 QUARTA.
850 479 946 516 suerio
961 463 990 516 '11.
1007 480 1098 516 cnour
1113 481 1133 517 11

333 643 349 732 §
377 659 414 716 2.
446 636 514 717 De
539 637 697 717 Mutuo
716 635 965 742 obligatione
983 637 1174 731 latomo
1190 645 1234 720 el
1247 640 1302 720 N
1299 640 1420 722 ovilir'

122 843 256 896 'Faenus
380 830 466 895 195.
483 828 631 910 Juridice
645 849 704 891 seu
720 829 753 891 in
768 829 843 892 foro
859 835 1012 908 externo,
1035 829 1203 910 integrum
1219 838 1271 894 est
1293 835 1421 898 novitio

113 905 224 954 retanda·
246 906 272 953 ξ’*
334 912 424 975 exire
448 932 465 974 e
483 911 669 993 Religione.
691 915 744 975 Ita
766 932 901 988 omnes3
925 919 958 974 et
973 931 1034 995 per
1056 931 1093 974 se
1115 921 1220 995 patet,
1238 911 1315 978 cum
1331 919 1422 982 nulla

111 963 221 1014 secutum.
333 996 377 1058 sit
404 994 506 1076 stirps
528 994 754 1076 obligationis,
779 995 874 1078 Quae
897 993 1040 1058 facultas
1056 1015 1124 1058 non
1140 997 1303 1061 minuitur
1327 1006 1420 1078 voto,

334 1078 362 1140 si
378 1078 467 1159 quod
482 1077 570 1140 forte
586 1077 704 1140 fecerit
720 1078 881 1156 novitius,
898 1097 974 1140 cum
993 1077 1073 1140 illud
1090 1076 1122 1139 in
1134 1079 1212 1161 jure
1228 1098 1296 1142 non
1313 1083 1421 1152 consi·

333 1161 507 1224 deretur.‘

375 1242 413 1304 In
428 1242 547 1304 interno
560 1241 632 1304 loro
643 1242 807 1335 peccabit,
822 1242 848 1304 si
861 1262 967 1324 pravo
990 1241 1112 1306 affectu
1125 1263 1160 1306 se
1184 1243 1307 1328 impelli
1319 1247 1419 1326 sinat,

334 1326 388 1387 vel
404 1325 431 1387 si
447 1330 573 1388 temere
589 1344 624 1386 se
641 1345 673 1386 1n
690 1329 805 1389 seculo
822 1326 959 1406 objiciat
975 1327 1144 1407 periculis.

240 1457 244 1466 .
375 1408 451 1501 Quo
466 1409 574 1490 magis
600 1407 644 1469 sit
665 1409 805 1471 libertas
831 1409 887 1470 illa
913 1409 946 1471 in
973 1415 1059 1486 tute,
1089 1409 1202 1493 plures
1228 1411 1315 1472 latae
1339 1419 1418 1472 sunt

330 1490 416 1572 juris
433 1491 637 1552 sanctiones.
1433 1519 1434 1523 =

145 1592 236 1640 Variae
327 1575 329 1582 '
379 1574 466 1638 196.
486 1573 683 1653 1.Demptis
698 1573 853 1658 impensis,
867 1573 996 1636 novitio
1011 1573 1196 1655 egredienti
1210 1575 1322 1638 omnia
1334 1594 1420 1656 quae
1486 1595 1490 1599 ·
1558 1563 1559 1588 ³

112 1652 240 1698 cautiones.
329 1655 447 1717 ¹attulit
460 1665 539 1717 sunt
551 1655 771 1718 restituenda.
786 1655 825 1720 C.
843 1655 876 1719 Si
891 1656 976 1736 quis,
995 1657 1033 1720 C.
1054 1677 1102 1738 17.
1120 1677 1152 1739 q.
1170 1679 1200 1734 2,
1223 1656 1317 1722 Trid.
1335 1677 1366 1722 c.
1385 1663 1422 1722 16

119 1759 274 1809 Rasttiuenda
335 1759 363 1800 s.
381 1756 432 1818 25,
460 1738 508 1800 De
522 1739 601 1821 Reg.
619 1740 688 1802 Nec
708 1741 765 1819 per
785 1759 827 1805 se.
851 1757 911 1800 seu
934 1738 998 1802 nisi
1023 1741 1122 1802 aliter
1148 1747 1287 1804 cautum
1307 1740 1421 1818 fuerit,

111 1833 170 1923 rapt
194 1819 274 1888 aaa..
335 1821 434 1883 debet
461 1821 608 1884 novitius
634 1821 706 1902 ipsa
732 1822 859 1884 sarcire
889 1821 1067 1903 impendia,
1097 1823 1124 1886 si
1153 1823 1287 1886 sincero
1311 1822 1421 1888 animo

113 1891 136 1924 '²
157 1881 271 1926 mmm·
335 1903 508 1984 ingressus
531 1903 631 1966 luerit
654 1903 874 1982 Religionem.

142 2002 274 2072 Prolata
377 2005 406 2050 2.
423 1987 476 2048 Ex
487 1985 581 2050 Trid.
599 1986 676 2049 ibid.
703 1988 834 2050 «Nulla
855 1986 1045 2050 renunciatio
1068 1995 1126 2051 aut
1141 1986 1302 2068 obligatio
1322 1994 1422 2051 antea

112 2065 261 2165 {mmm
334 2067 437 2147 facta,
456 2069 557 2132 etiam
583 2089 658 2135 cum
676 2069 872 2150 juramento
888 2071 942 2132 vel
964 2070 995 2132 in
1012 2070 1164 2133 favorem
1180 2074 1422 2152 cuiuscumque

126 2131 234 2167 onerum.
335 2171 458 2214 causae
480 2153 566 2234 piae,
588 2153 711 2230 valeat,
737 2152 799 2214 nisi
822 2172 898 2216 cum
913 2152 1050 2216 licentia
1068 2153 1226 2236 Episcopi
1253 2155 1324 2216 sive
1351 2154 1423 2236 ejus

334 2235 464 2313 vicarii,
478 2236 537 2298 liat
551 2234 640 2297 intra
652 2235 876 2298 duosmenses
888 2235 1058 2319 proximos
1071 2245 1149 2298 ante
1158 2235 1401 2319 professionem
1413 2257 1421 2314 3

334 2337 374 2380 ac
391 2337 457 2379 non
470 2318 553 2380 alias
566 2318 775 2399 intelligatur
791 2319 948 2382 effectum
964 2338 1063 2380 suum
1079 2318 1205 2395 sortiri,
1224 2319 1287 2400 nisi
1303 2326 1423 2381 secuta

334 2399 541 2480 professione
560 2422 566 2461 :
592 2400 690 2463 aliter
714 2421 795 2463 vero
820 2401 920 2478 facta,
938 2401 1069 2464 etiamsi
1086 2421 1162 2464 cum
1180 2402 1281 2483 hujus
1296 2401 1423 2464 favoris

336 2501 495 2562 expressa
518 2482 785 2561 renunciatione,
810 2485 911 2546 etiam
931 2483 1058 2564 jurata,
1077 2484 1120 2546 sit
1137 2485 1234 2548 irrita
1250 2493 1284 2546 et
1300 2485 1422 2546 nullius
1511 2533 1514 2538 .
1558 2477 1559 2526 5

335 2562 486 2626 effectus
506 2589 520 2618 »
1054 2607 1056 2609 -

375 2646 427 2706 De
449 2665 516 2726 qua
539 2646 793 2709 renunciatione
816 2648 916 2729 paulo
939 2648 1129 2711 distinctius
1144 2649 1292 2712 dicemus
1309 2649 1342 2711 in
1365 2669 1422 2732 pa·

335 2746 435 2808 rergo
451 2728 493 2789 ad
509 2728 635 2790 calcem
654 2727 750 2791 istius
765 2731 935 2793 sectionis.
1291 2763 1292 2766 ¹

132 2815 275 2883 Propinas
377 2832 407 2889 3.
434 2811 493 2872 Ex·
512 2810 628 2872 eodem
654 2831 685 2874 c.
706 2817 753 2874 16.
779 2812 862 2894 Syn.
879 2812 973 2876 Trid.
991 2812 1053 2874 sub
1069 2813 1297 2876 anathematis
1314 2834 1423 2896 poena

113 2873 262 2966 doaaaones.
336 2899 458 2954 contra
474 2893 592 2958 dantes
608 2899 642 2955 et
660 2895 865 2976 accipientes
882 2895 904 2973 ¹,
922 2895 1133 2977 prohibetur,
1154 2921 1167 2952 <‹
1185 2898 1235 2960 Ne
1252 2905 1420 2975 parentes,

335 2977 526 3057 propinqui,
551 2983 727 3039 curatores
754 2978 962 3041 monasterio
981 2978 1113 3059 ¹aliquid
1141 2982 1295 3061 (excepto
1316 2982 1421 3055 victu,

335 3059 475 3136 vestitu)
500 3059 636 3121 tradant
659 3079 699 3122 ex
721 3061 817 3123 bonis
842 3061 960 3124 novitii
977 3063 1031 3122 vel
1056 3061 1216 3125 novitiae.
1237 3089 1250 3118 »
1269 3061 1366 3144 Quod
1382 3081 1424 3124 ex

326 3139 469 3212 vratione
484 3141 610 3219 addita,
628 3160 704 3205 cum
720 3144 831 3206 Bouix
846 3161 870 3208 1.
887 3165 920 3227 p.
939 3143 1272 3224 59o,intelligendum
1289 3145 1423 3206 videtur

335 3224 376 3286 de
392 3223 630 3288 donationibus
648 3245 734 3306 quae
750 3226 905 3289 minuunt
921 3225 1112 3290 libertatem
1129 3246 1299 3308 egressus.

116 3314 272 3384 Nuptiarum
381 3307 467 3373 197.
485 3331 512 3371 1.
530 3305 653 3390 Regula
675 3328 743 3370 non
759 3309 953 3390 obligantur
970 3308 1107 3388 directe,
1125 3310 1184 3372 sed
1198 3309 1229 3372 ei
1244 3308 1422 3392 subjacent

113 3371 277 3432 ⁰⁶¹¹8“¹'⁰'“⁸·
335 3408 376 3451 ex
391 3389 570 3452 honestate
586 3396 621 3451 et·
638 3391 803 3454 decentia.

376 3492 406 3534 2.
421 3472 578 3554 Quandiu
594 3481 814 3553 permaneant
826 3474 859 3535 in
867 3474 1050 3556 Religione,
1059 3472 1250 3536 subduntur
1261 3473 1422 3555 potestati

335 3551 542 3616 dominativoe
565 3557 706 3637 praelati
735 3557 900 3638 regularis
925 3566 1088 3637 tanquam
1103 3557 1204 3638 capiti
1220 3558 1316 3620 istius
1332 3575 1421 3618 com·

334 3636 522 3698 munitatis
879 3669 883 3674 ¹·

377 3739 408 3797 3.
424 3719 475 3780 De
491 3724 660 3799 potestate
668 3719 899 3800 jurisdictionis
914 3723 1012 3784 modo
1028 3726 1080 3783 est
1096 3721 1222 3785 dictum
1241 3744 1274 3785 n.
1293 3737 1368 3801 194.

376 3821 407 3882 4.
426 3800 461 3863 Si
477 3801 565 3883 apud
582 3801 711 3866 animos
729 3804 911 3867 statuerint
933 3804 1141 3885 eReligione
1157 3807 1281 3886 egredi,
1300 3805 1422 3867 debent

334 3882 521 3963 exjustitia
546 3884 691 3947 naturali
709 3885 908 3967 Superiores
929 3888 969 3950 de
990 3908 1053 3950 suo
1069 3887 1207 3950 consilio
1223 3888 1336 3950 facere
1352 3907 1421 3950 cer·

331 3963 450 4027 tiores.
464 3966 562 4048 Quod
575 3965 638 4028 nisi
651 3967 802 4042 fecerint,
817 3977 970 4052 sumptus
984 3970 1141 4051 deinceps
1153 3970 1301 4053 ipsorum
1318 3989 1422 4033 causa

335 4045 443 4110 iactos
460 4051 641 4112 restituere
658 4051 781 4112 debent
797 4053 1016 4116 monasterie.
1071 4083 1073 4088 ’

119 4155 272 4260 ῥίψῃ...
378 4131 464 4196 198.
483 4133 600 4210 Votis,
618 4132 651 4194 si
662 4152 747 4214 quae
764 4134 917 4214 fecerint,
935 4136 996 4198 etsi
1013 4135 1099 4198 forte
1115 4135 1306 4198 inconsulto
1321 4137 1421 4200 Prae·

118 4226 234 4265 illorum.
434 4228 437 4232 ’
617 4243 621 4246 -
679 4242 683 4243 ⁷
913 4247 915 4252 ,
1000 4241 1003 4244 .
1103 4241 1105 4246 ,
1211 4241 1213 4244 ,
1274 4240 1277 4243 ,

332 4388 467 4493 sltErtgo
487 4387 734 4436 excommunicatio
754 4389 816 4447 ista,
840 4403 911 4450 quae
932 4391 1035 4440 nemini
1056 4396 1222 4450 reservatur,
1249 4395 1289 4440 est
1309 4389 1422 4453 ferendae

347 4457 381 4491 en
396 4458 430 4492 en
443 4458 495 4494 iae,
1118 4472 1120 4474 ·
