3142 5004
317 451 374 515 l88
678 473 745 510 rans
760 475 880 522 putare.
897 474 992 511 suerro
1007 474 1035 510 ru

315 609 478 690 dignitate
493 615 590 673 extra
614 608 786 688 Ordinem,
812 609 850 674 C.
875 608 1005 674 Urbani
1017 624 1091 673 v111.
1122 609 1284 672 Honorum
1299 607 1403 694 digni-

316 698 481 774 tatumque,
506 715 546 777 24
569 692 634 756 feb.
666 695 756 773 1643.

357 777 388 856 c)
404 777 537 840 Debent
552 795 678 839 novum
702 773 910 858 probationis
933 794 1059 837 annum
1082 793 1258 857 peragere.
1283 775 1320 836 In
1337 793 1403 855 quo

207 930 210 937 ,
315 859 378 923 nisi
396 859 654 941 permanserint,
671 858 781 922 redire
804 857 926 920 debent
942 859 984 921 ad
999 858 1177 941 pristinum
1193 857 1401 920 Institutum.

131 1351 247 1400 Nomina·

102 1409 218 1516 piomcpuod
233 1408 265 1458 ad

132 1483 147 1516 n
167 1504 173 1520 ι

358 943 390 1022 d)
419 942 651 1006 Mendicantes
677 946 893 1005 transeuntes
920 941 962 1003 ad
989 960 1056 1003 non
1086 939 1330 1018 Mendicantes,
1363 961 1403 1003 ex

317 1025 422 1090 Clem.
445 1047 471 1088 1.
498 1025 546 1088 De
566 1023 678 1107 Regul.
697 1028 760 1105 (111,
778 1027 822 1104 9),
847 1030 966 1086 carent
981 1043 1065 1086 voce
1080 1023 1194 1087 activa
1218 1030 1252 1087 et
1267 1022 1403 1106 passiva

317 1109 350 1173 in
374 1107 529 1191 capitulis
553 1107 713 1190 (exceptis
738 1126 823 1188 quae
846 1126 907 1189 pro
934 1107 1145 1169 correctione
1171 1111 1204 1168 et
1232 1105 1404 1187 disciplina

318 1191 465 1336 regularli
482 1192 759 1273 congregantur),
778 1209 838 1252 nec
855 1195 997 1272 possunt
1011 1189 1084 1252 fieri
1098 1189 1298 1272 Superiores
1328 1190 1404 1252 Pal-

319 1293 426 1352 mrem,
465 1294 548 1350 .c.‚
573 1293 608 1337 n.
634 1291 705 1354 237.
1251 1327 1252 1330 ,

361 1357 458 1440 Quod
473 1356 515 1418 ad
530 1355 619 1434 bona,
637 1359 668 1434 a)
685 1355 815 1436 Religio
841 1354 929 1418 unde
952 1354 1092 1418 discedit
1108 1359 1290 1418 conservat
1315 1353 1403 1416 bona

320 1459 405 1522 quae
428 1440 471 1502 ad
488 1440 594 1522 ipsam
613 1439 684 1521 jam
707 1443 947 1520 pervenerunt.
969 1439 1034 1500 Per
1050 1457 1085 1500 se
1101 1437 1235 1500 videtur
1250 1437 1403 1518 aequitas

319 1522 473 1600 suadere,
491 1528 529 1584 ut
545 1541 678 1584 annuae
693 1520 857 1604 pecuniae
879 1539 966 1601 quae
988 1521 1031 1583 ad
1046 1519 1193 1602 religiosi
1210 1518 1315 1583 vitam
1328 1520 1402 1604 ejus

318 1604 442 1668 intuitu
458 1607 637 1670 solvuntur
653 1604 871 1683 monasterio,
886 1604 993 1686 ipsum
1010 1603 1044 1666 in
1059 1605 1201 1666 alterurn
1219 1612 1404 1684 sequantur

150 1751 153 1758 ,
221 1753 223 1757 ,
318 1688 491 1752 Ordinem.

359 1771 392 1850 b)
423 1771 517 1854 Quae
547 1790 601 1834 res
629 1770 816 1833 hereditate
846 1769 901 1831 vel
931 1768 1040 1830 altero
1077 1767 1175 1831 titulo
1207 1768 1404 1830 tribuuntur

317 1853 474 1935 religioso
493 1858 563 1935 post
589 1873 699 1916 novom
726 1854 758 1916 in
782 1853 941 1915 Instituto
966 1853 1008 1913 ad
1031 1850 1118 1932 quod
1141 1851 1274 1914 transiit
1283 1850 1403 1934 profes-

197 2001 201 2008 ,
316 1936 442 2015 sionem,
465 1935 552 2000 idem
567 1935 681 1999 ferunt
704 1936 853 2018 regimen
876 1935 964 2015 quod
985 1933 1142 1998 tulissent
1158 1935 1186 1997 si
1203 1935 1245 1996 ab
1262 1933 1356 1996 initio
1371 1933 1403 1996 in

318 2021 383 2084 hoc
401 2019 519 2084 fuisset
536 2019 715 2102 ascriptus.
1025 2063 1027 2071 ι

359 2108 390 2184 c)
408 2102 495 2187 Quid
510 2107 623 2165 autem
640 2110 719 2164 ante
743 2101 840 2164 istam
865 2099 1119 2180 professionem,
1137 2097 1215 2161 dum
1231 2097 1403 2182 professus

318 2187 350 2249 in
366 2187 475 2250 altero
490 2185 651 2258 Instituto
664 2183 851 2269 probatur?
867 2182 958 2246 Satis
974 2187 1109 2245 constat
1125 2179 1272 2244 fructum
1288 2201 1402 2264 perso·

204 2328 206 2332 .
316 2269 403 2334 nalis'
417 2267 603 2344 industriae
618 2267 787 2351 pertinere
802 2267 844 2329 ad
860 2264 1068 2346 Religionem
1086 2263 1143 2328 ubi
1157 2264 1334 2347 probatur.
1351 2265 1403 2327 De

116 2944 262 3007 Qulddenon

98 3002 211 3067 professo.

133 3280 258 3334 Judr'ctum

103 3337 129 3388 de
148 3343 253 3388 transitu

316 2351 561 2416 hereditatibus
584 2358 711 2428 autem,
735 2351 860 2433 plures,
887 2369 962 2411 cum
979 2347 1295 2428 Schmalzgrueber,
1313 2349 1335 2410 l.
1360 2367 1402 2425 c.,

317 2455 351 2499 n.
376 2455 445 2517 243,
476 2434 686 2500 contendunt
713 2433 814 2496 etiam
842 2431 884 2494 ad
911 2431 1012 2513 hujus
1041 2429 1225 2510 Religionis
1253 2429 1404 2511 regimen

317 2536 391 2580 esse
421 2516 680 2599 respiciendum,
709 2533 796 2594 quae
821 2513 972 2594 proinde,
1001 2512 1028 2575 si
1062 2513 1163 2575 fuerit
1194 2533 1311 2594 capax,
1340 2513 1403 2574 has

316 2598 523 2662 hereditates
539 2616 599 2681 pro
623 2597 750 2660 novitio
775 2596 866 2658 adire
882 2602 1007 2678 posset.
1024 2595 1129 2659 Nobis
1145 2595 1255 2678 potior
1270 2595 1403 2657 videtur

317 2681 426 2743 altera
456 2679 624 2742 sententia
651 2699 737 2760 quae
763 2677 947 2760 Religionis
963 2699 983 2740 a
1001 2698 1068 2758 qua
1095 2678 1247 2750 discessit
1272 2676 1402 2739 intacta

317 2765 390 2826 vult
408 2763 488 2846 jura
511 2762 628 2841 donee,
654 2781 743 2824 nova
768 2760 986 2842 professione,
1012 2768 1149 2844 ruptum
1173 2759 1215 2824 sit
1231 2759 1402 2823 vinculum

318 2864 384 2927 quo
401 2845 446 2908 illi
463 2845 734 2927 conjungebatur
750 2844 941 2926 Religiosus
959 2846 1139 2907 transiens.

359 2950 389 2992 2.
407 2927 596 3008 Religiosus
610 2947 676 2990 non
690 2928 861 3011 professus
875 2928 928 2989 vel
940 2927 1064 2990 sodalis
1080 2925 1230 2993 Instituti
1247 2931 1403 2988 votorum
1438 2949 1442 2956 *

318 3010 528 3095 simplicium,
553 3012 751 3093 plerumque
773 3010 867 3092 prius
888 3031 908 3072 a
927 3011 1015 3073 votis
1033 3009 1283 3092 dispensabitur
1303 3028 1404 3090 quam

318 3094 528 3175 ingrediatur
550 3095 694 3158 alterum
717 3093 926 3157 Institutum.
950 3094 1047 3176 Quod
1069 3093 1112 3156 ad
1137 3094 1300 3155 bonorum
1317 3092 1403 3173 regi-

318 3197 405 3249 men,
425 3176 486 3240 efr.
505 3175 594 3240 dicta
610 3177 649 3240 de
665 3177 755 3256 dote,
774 3196 807 3239 n.
828 3179 902 3240 182.

359 3262 448 3326 323.
467 3262 627 3341 Quaeres
643 3280 685 3322 an
702 3261 879 3323 transitus
896 3260 944 3322 sit
961 3257 1290 3324 commendandus?

359 3344 400 3406 R.
427 3343 502 3406 Etsi
525 3344 689 3406 transitus
711 3342 753 3404 ad
778 3341 936 3405 Ordinem
961 3340 1168 3406 strictiorem
1184 3360 1244 3426 per
1267 3359 1302 3402 se
1326 3357 1402 3401 cen-

318 3433 435 3488 seatur
452 3425 671 3488 commutatio
687 3425 758 3487 voti
774 3424 806 3486 in
823 3423 953 3503 melius,
973 3450 987 3480 «
1005 3423 1168 3488 Transire
1185 3425 1225 3486 de
1242 3421 1405 3504 religione

318 3508 361 3571 ad
377 3507 585 3588 religionem,
611 3507 673 3569 nisi
690 3513 828 3591 propter
851 3527 1008 3589 magnam
1023 3506 1204 3569 utilitatem
1220 3507 1275 3568 vel
1291 3523 1405 3567 neces-

318 3591 465 3666 sitatem,
492 3609 559 3651 non
583 3596 634 3651 est
657 3589 846 3667 laudabile;
872 3597 942 3652 tum
966 3588 1044 3671 quia
1071 3608 1113 3650 ex
1129 3591 1193 3651 hoc
1209 3590 1406 3670 plerumque

319 3672 594 3735 scandalizantur
626 3671 648 3734 ii
684 3671 740 3752 qui
770 3673 1031 3755 relinquuntur;
1063 3677 1136 3734 tum
1168 3675 1246 3751 quia
1276 3670 1407 3733 facilius

317 3754 451 3838 proficit
466 3753 586 3834 aliquis
611 3754 643 3816 iu
667 3755 829 3835 religione
852 3774 953 3836 quam
975 3753 1165 3831 consuevit,
1183 3772 1284 3834 quam
1302 3753 1335 3816 iu
1351 3752 1407 3814 illa

318 3854 419 3918 quam
435 3855 503 3899 non
526 3837 714 3916 consuevit,
732 3838 853 3901 ceteris
877 3837 1024 3919 paribus.
1045 3864 1058 3894 a>
1085 3837 1119 3901 S.
1136 3836 1299 3913 Thomas,
1327 3857 1356 3914 2,
1375 3856 1406 3912 2,

319 3939 351 4000 q.
371 3925 438 3999 189,
458 3939 489 3982 a.
507 3925 538 3982 8.
771 3921 774 3932 ’

341 4057 535 4104 narremus
557 4058 594 4104 11.
619 4042 659 4107 lle
685 4056 812 4124 egressu
837 4041 952 4124 elapsis
974 4040 1064 4121 volte,
1090 4009 1385 4122 eoncessatllspen·

560 4147 679 4214 salione
701 4148 748 4215 vel
773 4147 888 4214 indulta
905 4147 1166 4215 Seeutartzallone

317 4307 442 4370 suarez,
456 4307 495 4361 ne
508 4305 660 4373 reltania,
678 4303 712 4358 tr.
730 4303 754 4370 a,
771 4302 789 4356 1.
802 4304 825 4366 a,
844 4318 867 4356 a
881 4305 907 4367 73
927 4303 960 4356 tr.
975 4304 1013 4365 10,
1034 4267 1096 4366 isa,
1110 4316 1133 4356 ο.
1145 4305 1168 4368 a,
1190 4316 1217 4356 n.
1230 4304 1289 4367 aa
1311 4303 1411 4358 rem-

351 4385 465 4446 narina,
487 4385 627 4451 llutmole,
650 4382 712 4446 eto,
734 4382 752 4434 t.
771 4383 794 4444 3,
813 4395 835 4434 e.
853 4383 877 4442 5,
895 4395 922 4434 n.
944 4383 967 4434 8.
987 4382 1020 4435 20
1041 4393 1118 4448 sqq.;
1136 4382 1170 4436 tr.
1188 4385 1212 4446 4,
1232 4398 1254 4436 a.
1275 4388 1296 4447 1,
1314 4398 1340 4437 n.
1359 4382 1409 4444 ‘25;
1453 4451 1455 4456 Ι

348 4465 506 4543 §chariam
524 4461 753 4532 Jnrisprndentlo
772 4460 1016 4524 chironica-cirula,
1035 4460 1052 4514 l.
1069 4463 1092 4526 3,
1105 4476 1130 4534 p.
1142 4463 1199 4520 289.
1212 4463 1277 4528 2903
1294 4464 1407 4522 Bottia.
