3148 5004
366 460 404 523 16
754 483 822 518 rurs
838 482 935 520 narsen.
952 483 1067 522 carust

408 639 440 698 3.
463 619 662 684 Eorundem
686 619 838 702 professio
854 624 911 702 per
925 642 956 682 se
967 641 972 654 ¹
976 625 1135 703 perpetua,
1154 643 1240 706 quae
1256 624 1353 687 firmo
1369 645 1457 688 nexu

366 699 519 765 obtineat
535 703 708 785 propriam
733 710 844 765 status
866 704 1099 769 stabilitatem.
1115 707 1161 770 Et
1184 708 1261 788 quia
1277 707 1333 769 vix
1347 711 1457 770 altera

366 794 547 868 suppetere
565 786 700 848 videtur
716 787 816 863 ratio,
834 789 950 849 eadem
974 789 1126 852 condicio
1144 789 1192 852 ita
1209 790 1300 854 reddi
1326 796 1455 872 potest:

304 893 306 898 ¹
366 865 538 930 Proiessio
551 869 684 930 firmata
700 876 865 951 perpetuo
881 869 1030 950 satisque
1043 871 1221 934 manifesto
1237 880 1330 935 voto.

409 963 676 1019 GOROLLARIA.

177 1063 313 1123 Descriptio
406 1044 470 1107 25.
495 1043 603 1104 Recta
627 1043 729 1124 igitur
756 1048 808 1102 est
824 1041 909 1104 haee
934 1045 1087 1120 religiosi
1104 1054 1223 1107 status
1240 1048 1454 1126 descriptio:

153 1126 228 1189 scates
256 1119 310 1167 ren·-
367 1122 496 1186 Stabilis
511 1124 633 1187 m'oeudi
647 1124 756 1186 modus
771 1123 931 1186 homimem
941 1125 1153 1205 profitentium
1171 1137 1215 1204 se,
1227 1133 1284 1210 per
1306 1129 1367 1190 tria
1385 1132 1456 1209 per-

149 1193 310 1286 {maspetum
359 1210 456 1286 petua
485 1214 555 1269 vota
575 1205 780 1288 paupertatis,
813 1207 964 1268 castitatis
994 1213 1021 1267 et
1051 1208 1247 1288 obedientiae,
1276 1212 1395 1272 tendere
1421 1211 1455 1273 in

366 1288 508 1352 Ecclesia
524 1288 567 1351 ad
576 1288 794 1370 perfectionem
810 1286 997 1352 christianae
1013 1291 1165 1356 caritatis.

188 1385 309 1446 Quospn-
407 1374 471 1437 26.
504 1372 598 1433 Aliae
629 1370 903 1450 exercitationes,
933 1391 1020 1453 quae
1049 1373 1148 1436 simul
1178 1376 1295 1438 voveri
1332 1377 1453 1438 solitae

155 1445 264 1490 tentatio
366 1463 469 1516 sunt,

151 1500 312 1606 iiiiissiiiii
412 1557 439 1600 1.
472 1537 560 1599 Hinc
589 1535 721 1615 quidem
748 1556 815 1598 non
846 1537 1015 1619 pertinent
1041 1537 1083 1598 ad
1113 1535 1326 1600 essentialem
1355 1538 1454 1601 istius

366 1624 477 1680 status
491 1618 670 1681 rationem.
685 1619 783 1680 Hanc
808 1620 896 1681 enim
912 1639 1026 1701 supra,
1050 1639 1084 1681 n.
1102 1637 1153 1699 19,
1170 1636 1223 1699 eo,
1246 1621 1455 1684 ostendimus

366 1700 477 1762 tribus
491 1700 638 1762 consiliis
654 1721 729 1763 esse
746 1710 954 1764 concretam.
1081 1725 1082 1728 ¹

407 1805 438 1846 2.
455 1785 525 1846 Nec
553 1783 683 1865 possint
710 1785 894 1866 prudenter
923 1786 1023 1847 simul
1050 1804 1167 1847 omnes
1193 1785 1332 1850 assumi.
1360 1785 1455 1848 Sicut

361 1867 454 1928 'enim
470 1886 537 1928 non
561 1867 694 1946 expedit
717 1885 833 1928 ornnes
857 1885 1022 1949 usurpare
1046 1867 1241 1944 medicinam,
1270 1868 1317 1930 sic
1344 1869 1454 1930 minus

366 1967 552 2026 congruum
570 1958 621 2010 est
644 1950 758 2011 omnia
780 1949 919 2029 aggredi
935 1969 1038 2032 opera
1064 1958 1184 2012 sancta
1206 1958 1240 2011 et
1255 1949 1362 2012 utilia.
1382 1951 1452 2014 Cir.

366 2031 402 2094 S.
416 2031 482 2094 Th.
501 2055 530 2095 a.
545 2054 576 2094 2.
594 2050 625 2110 q.
648 2036 716 2108 186,
731 2041 796 2092 art.
812 2053 842 2094 2.

406 2136 437 2194 3.
454 2112 547 2177 Illinc
565 2134 658 2190 ver0,
675 2114 702 2175 si
719 2114 865 2195 prudens
881 2112 1050 2178 habeatur
1066 2115 1227 2192 delectuS,
1246 2114 1395 2195 apprime
1412 2116 1454 2176 ad

365 2198 557 2260 essentialia
583 2204 746 2277 aptantur
773 2197 795 2269 ¹,
823 2200 1023 2276 praesertim
1055 2216 1141 2277 quae
1167 2198 1209 2259 ad
1237 2199 1397 2259 caritatem
1421 2218 1453 2259 m

358 2279 539 2361 proximum
556 2278 748 2341 referantur
779 2279 875 2340 Haec
894 2279 982 2342 enirn
1000 2281 1204 2342 artissimam
1221 2277 1323 2342 habet
1340 2299 1454 2342 neces·

365 2362 547 2425 situdinem
560 2373 593 2422 et
610 2363 850 2440 cognationem
865 2382 940 2423 cum
958 2367 1102 2424 caritate
1115 2365 1147 2425 in
1165 2364 1287 2425 Deum.

175 2469 249 2515 Fenus
261 2473 309 2516 sta·
406 2445 470 2510 27.
491 2469 504 2499 e
524 2447 623 2506 Finis
640 2447 798 2522 religiosi
814 2454 935 2506 status
957 2445 1139 2506 intrinsecus
1161 2452 1195 2506 et
1214 2443 1379 2525 proximus
1403 2456 1454 2507 est

158 2527 312 2588 rusreageon
365 2526 528 2607 perfectio
546 2526 698 2587 caritatis
715 2528 814 2606 hujus
837 2528 949 2603 vitae3
977 2534 1109 2588 remotus
1135 2535 1167 2588 et
1194 2527 1378 2588 extrinsecus
1403 2537 1454 2589 est

366 2608 528 2692 perfectio
542 2608 694 2669 caritatis
707 2609 837 2688 patriae
852 2609 877 2670 ².
903 2635 916 2662 »

153 2719 227 2767 Finis
238 2719 312 2768 Imp.
407 2690 496 2753 Huic
513 2690 647 2770 generis
664 2691 722 2751 fini
739 2690 853 2770 nequit
877 2709 1067 2772 repugnare
1095 2690 1169 2752 linis
1192 2691 1371 2773 peculiaris
1394 2691 1453 2753 ali·

155 2777 312 2836 rttrrratrgtosi
366 2775 462 2856 cujus
489 2773 638 2836 instituti
665 2792 745 2834 vere
772 2772 942 2852 religiosi,
970 2772 1042 2835 lieri
1069 2779 1183 2835 tamen
1209 2781 1321 2855 potest
1347 2781 1384 2835 ut
1410 2774 1453 2836 sit

365 2857 505 2918 alterius
533 2854 688 2917 rationis,
716 2855 825 2937 Quam
853 2855 896 2915 ob
926 2874 1010 2932 rem,
1039 2858 1214 2935 quaerenti
1241 2878 1295 2919 cur
1319 2856 1453 2935 aliquod

365 2938 562 3001 Institutum
585 2937 626 2997 sit
640 2936 831 3018 religiosum,
847 2955 984 3018 semper
1002 2939 1270 3019 respondendum
1286 2947 1336 3000 est
1351 2959 1358 3001 :
1376 2939 1454 3016 quia

367 3021 517 3083 continet
532 3026 730 3103 perpetuam
748 3019 850 3081 trium
873 3032 1031 3082 votorum
1055 3021 1296 3102 professionem
1320 3021 1453 3083 ordina·

366 3111 435 3165 tam
451 3103 493 3165 ad
510 3101 746 3183 perficiendam
763 3101 941 3164 caritatem
965 3103 1128 3167 sodalium
1144 3125 1151 3182 ;
1180 3104 1354 3185 quaerenti
1372 3123 1453 3165 vero

366 3185 471 3247 carsit
482 3183 553 3259 tale,
568 3204 635 3244 non
651 3203 731 3246 raro
744 3184 958 3248 indicandum
976 3187 1039 3249 erit
1055 3188 1188 3268 aliquod
1204 3207 1288 3268 opus
1304 3186 1451 3268 pietatis,

366 3269 518 3330 caritatis
534 3267 566 3328 in
584 3265 784 3348 proximum.

184 3367 261 3414 Vario
273 3365 311 3414 rte-
407 3352 471 3414 28.
487 3349 689 3430 Hujusmodi
706 3359 785 3412 sunt

151 3431 314 3528 enutriantur
409 3454 436 3495 1.
459 3433 605 3496 Votorum
627 3430 827 3495 sollemnitas.
854 3433 1039 3513 Gregorius
1056 3449 1117 3494 xm
1140 3431 1240 3505 enim,
1266 3430 1304 3493 C.
1330 3432 1455 3514 Qteanto

152 3497 294 3587 {iiiiii}
359 3513 554 3594 fructuosius
567 3519 597 3593 (2
611 3515 676 3578 leb.
696 3518 787 3594 1583)
801 3524 834 3577 et
849 3515 1037 3577 Asceudente
1052 3513 1189 3575 Domino
1202 3516 1252 3591 (25
1270 3514 1346 3576 maii
1363 3519 1454 3594 1584)

156 3651 176 3698 V
251 3652 260 3697 ,
366 3597 551 3660 declaravit
569 3597 799 3660 Scholasticos
817 3598 852 3659 S.
869 3599 913 3682 J.,
939 3615 1082 3676 quorum
1099 3605 1179 3656 vota
1201 3615 1266 3656 non
1292 3605 1371 3657 sunt
1387 3599 1453 3659 sol·
1550 3645 1551 3668 ,

153 3652 313 3762 „imm
365 3680 499 3756 lemnia,
519 3707 532 3735 «
552 3701 631 3743 vere
648 3686 681 3741 et
699 3680 833 3762 proprie
849 3678 1024 3758 religiosos
1040 3678 1143 3739 luisse
1159 3685 1192 3739 et
1208 3697 1294 3741 esse.
1314 3707 1327 3734 »
1550 3673 1551 3710 ³

213 3822 217 3830 .
407 3785 438 3825 2.
467 3763 648 3825 Communis
674 3764 750 3826 vita.
778 3762 872 3823 Haec
900 3761 987 3822 enim
1011 3761 1138 3822 sanctis
1164 3759 1268 3823 defuit
1292 3762 1451 3838 eremitis,

152 3819 310 3936 ,MKZ‘J‘M'
366 3864 427 3908 nec
443 3847 627 3927 requiritur
649 3846 691 3906 ad
708 3844 919 3905 essentialem
943 3842 1154 3906 obedientiae
1177 3845 1355 3907 rationem.
1382 3843 1451 3906 Cir.
1549 3899 1550 3906 ,

366 3928 401 3993 S.
419 3927 543 3992 Thom.
561 3933 592 3990 2.
606 3950 636 3990 2.
655 3946 687 4006 q.
708 3931 776 4002 186,
794 3934 860 3987 art.
875 3944 905 4004 5,
920 3924 961 3985 ad
978 3947 1009 4004 3.

154 4017 305 4139 ,xmp
365 4033 437 4156 na³²
456 4012 606 4102 Concepta
619 4008 716 4069 verbis
725 4005 887 4088 professio,
906 4007 1027 4090 quippe
1040 4026 1126 4088 quae
1141 4010 1249 4071 altero
1265 4008 1361 4089 signo
1377 4028 1454 4091 pro·

303 4117 308 4128 ·
411 4115 438 4156 rr
456 4105 572 4176 possit.

394 4320 402 4354 t
419 4319 507 4366 immo
524 4329 618 4364 omnes
637 4314 793 4374 hujusmodi
806 4313 1026 4365 observantiasS
1048 4315 1169 4365 Thomas
1180 4313 1248 4365 dicit
1259 4315 1399 4364 ordinatas
1417 4314 1453 4364 ad

364 4374 417 4423 tria
428 4373 622 4425 substantialia
633 4387 705 4422 vota.
719 4393 740 4424 e.
754 4393 776 4432 2,
793 4390 819 4436 q.
835 4383 884 4433 186,
897 4387 948 4424 art.
962 4391 974 4433 7
986 4375 1021 4423 ad
1034 4392 1057 4423 2.

392 4435 405 4470 2
419 4434 516 4490 Melet,
527 4446 572 4492 op.
587 4447 610 4480 c.
624 4447 651 4481 u.
667 4441 702 4481 18.
