3148 5004
342 449 382 512 86
639 471 706 506 Piis
721 469 842 518 quiana,
859 467 954 504 suerio
969 467 988 502 1.
1006 465 1096 502 ciiur
1111 465 1131 502 ii

346 606 444 670 simul
461 592 610 670 'monens
633 612 758 684 tamen,
774 605 943 688 Episcopo
959 603 1090 666 difficile
1106 603 1177 666 fore
1193 610 1230 665 ut
1247 603 1280 666 in
1297 603 1431 667 casibus

346 690 713 777 particularibussuum
722 690 779 771 jus
787 697 1064 770 persequeretur:
1079 705 1156 748 cuin
1170 689 1256 748 alter
1268 707 1433 770 reponere

346 780 462 916 posset
484 792 581 836 suain
602 774 747 834 salutem
772 773 805 834 in
827 771 941 832 seculo
965 769 1160 852 periclitari.
1179 767 1304 832 Csr.·S.
1331 773 1431 852 Aipii,

131 910 259 1006 ¹sanam
297 991 298 996 1
358 940 360 946 ’
387 857 481 1004 ‘iiiii’
499 859 666 1000 pposffltiafis·
681 935 886 1016 ingrediendi
902 911 1112 1016 religionem
1139 936 1227 1014 quod
1254 935 1375 998 attinet
1390 936 1433 997 ad

123 1015 280 1122 [migma.
347 1019 517 1098 mulieres,
534 1021 663 1082 munita
678 1025 741 1097 est,
767 1039 807 1080 ex
822 1017 1020 1082 Tridentino
1037 1037 1064 1079 s.
1083 1035 1133 1096 52.
1151 1018 1200 1080 De
1221 1019 1300 1101 Reg.
1326 1037 1355 1080 c.
1383 1023 1432 1092 18,

129 1089 197 1134 ''⁸³'‘
214 1087 250 1123 ’Μ
268 1087 288 1121 ¹⁶
346 1102 521 1166 sanctione
534 1101 852 1164 excommunicationis
868 1100 983 1162 nemini
995 1105 1175 1168 reservatae,
1194 1120 1260 1180 qua
1277 1101 1298 1164 ii
1315 1108 1405 1162 certe
1423 1099 1432 1127 ¹

348 1187 554 1267 plectuntur,
578 1187 645 1266 qui,
663 1184 735 1248 sine
754 1185 854 1266 justa
871 1203 986 1260 causa,
1006 1181 1190 1263 impediunt
1214 1182 1431 1262 (efficaciter),

348 1288 410 1330 nec
434 1271 514 1331 solis
536 1268 704 1349 precibus,
723 1267 781 1330 sed
798 1267 841 1343 vi,
869 1273 971 1340 metu,
988 1264 1076 1341 dolo,
1094 1266 1240 1346 puellam
1254 1267 1434 1345 quominus

345 1352 540 1413 sollemnem
555 1350 657 1412 faciat
673 1348 927 1432 professionem.
951 1347 1020 1410 Cir.
1040 1347 1126 1426 Piat,
1144 1358 1169 1410 t.
1189 1371 1217 1411 1.
1233 1367 1266 1429 p.
1279 1353 1389 1429 44-48.

396 1495 411 1614 5
438 1542 479 1603 2.
509 1493 579 1597 De
604 1491 795 1598 libertale
821 1515 1089 1623 ingrediendi
1116 1486 1378 1620 Religionem

140 1737 292 1785 Hodtenemo
394 1710 480 1774 iss.
500 1731 527 1771 1.
545 1710 650 1772 Nemo
673 1709 772 1772 hodie
794 1708 831 1770 fit
854 1699 1031 1787 religiosus
1054 1706 1117 1769 nisi
1140 1705 1248 1768 sciens
1272 1711 1307 1766 et
1330 1704 1434 1768 libere

132 1797 182 1842 nisi
199 1795 293 1863 ,poiens
351 1791 677 1869 volens,¹secundum
691 1791 785 1855 illud:
808 1818 820 1846 <i
836 1793 956 1854 Nullus
968 1790 1151 1853 tondeatur
1164 1789 1226 1851 nisi
1240 1788 1273 1850 in
1285 1788 1435 1868 legitima

127 1851 291 1912 fi²'‘²'3²⁰⁵“⁵·
353 1879 465 1936 aetate
477 1885 509 1936 et
523 1882 708 1958 spontanea
721 1876 907 1950 voluntate,
921 1901 934 1928 ›>
950 1893 979 1935 c.
993 1894 1004 1932 1
1019 1873 1069 1934 De
1080 1868 1288 1954 Reguleridus
1297 1873 1358 1950 (iii,
1369 1875 1433 1950 31).

161 1994 279 2042 Praesens
395 1978 425 2018 a.
450 1957 538 2019 Hinc
561 1957 589 2019 si
612 1957 771 2037 religione
794 1958 848 2017 vel
870 1963 951 2017 voto
975 1955 1190 2038 impellantur
1213 1960 1369 2035 parentes
1393 1952 1436 2015 ad

132 2051 169 2119 ias
186 2051 213 2098 aa
227 2053 291 2123 otia·
354 2038 541 2106 offerendos
558 2039 763 2102 monasterio
778 2040 864 2101 filios
880 2040 934 2101 vel
957 2038 1042 2100 filias
1059 2038 1207 2099 nondum
1224 2037 1367 2118 puberes
1383 2037 1437 2097 vel

133 2113 174 2158 m·
354 2121 496 2185 infantia
508 2141 674 2204 egressos,
688 2123 742 2201 qui
752 2122 866 2184 Deoin
876 2127 1074 2203 perpetuum
1088 2120 1250 2196 serviant,
1260 2119 1291 2180 id
1304 2119 1436 2198 quidem

169 2240 172 2245 ·
355 2204 437 2288 ipsis
465 2206 542 2274 licet
572 2205 584 2235 ²
616 2205 887 2284 tenebunturque
917 2224 980 2265 sua
1012 2202 1184 2264 oblatione
1211 2203 1258 2264 ita
1284 2211 1321 2263 ut
1351 2201 1436 2262 lilios

356 2295 507 2367 nequant
536 2307 720 2362 revocare3
752 2287 808 2350 lilii
838 2296 951 2349 autem
981 2289 1033 2348 vel
1059 2285 1172 2361 ·filiae,·
1192 2285 1307 2346 statim
1335 2291 1437 2363 atque

293 2390 296 2395 ’
356 2370 470 2451 adepti·
481 2378 560 2432 sunt
572 2371 796 2450 pubertatem,
808 2371 973 2449 integram
982 2374 1121 2450 servant
1133 2367 1435 2447 statusoptionem.

357 2452 427 2514 Cir.
456 2472 485 2514 c.
515 2453 747 2532 Significatum
765 2463 827 2529 est,
855 2473 902 2530 113
921 2472 950 2514 c.
969 2450 1099 2527 Virum,
1119 2473 1155 2513 12
1170 2471 1178 2527 3
1196 2455 1224 2510 c.
1243 2449 1366 2525 Simus,
1389 2470 1435 2529 14,

355 2534 404 2595 De
426 2532 634 2616 Regularidiir
649 2538 711 2610 (iii,
730 2537 797 2613 32);
827 2533 1132 2613 Schmalzgiueber
1159 2533 1190 2594 iii
1219 2533 1434 2610 h.t.n.15o,

356 2633 430 2698 1513
450 2627 483 2677 et
499 2617 619 2694 Bouix,
635 2617 684 2679 De
699 2616 783 2698 Jrire
796 2616 1000 2699 regularium,
1018 2625 1042 2677 t.
1063 2638 1090 2693 r,
1103 2635 1136 2696 p.
1150 2613 1221 2696 340.
1237 2633 1308 2696 541.
1385 2638 1388 2641 ·

380 2823 387 2857 1
398 2823 499 2870 Textus
509 2823 602 2871 multis
612 2823 659 2870 dat
670 2825 761 2871 locuni
772 2822 972 2870 controversiis.

379 2883 390 2916 ‘2
409 2879 508 2944 Obstat
527 2887 626 2937 tamen,
646 2881 792 2940 quominus
811 2880 981 2940 recipiantur
1001 2877 1086 2926 oblati
1110 2876 1276 2944 impuberes
1289 2877 1382 2943 sicubi
1402 2876 1439 2926 sit

352 2937 476 3003 moribus
485 2938 632 2994 firmatum,
644 2943 783 2987 decretum
796 2940 814 2988 S
836 2941 866 2987 C.
880 2937 1243 3001 superstatuRegulariuiin¹
1255 2944 1281 2984 16
1293 2937 1357 2984 maii
1371 2943 1436 2992 1675.

352 2998 393 3044 Ex
405 2995 517 3054 speciali
530 2996 601 3044 enirn
610 2998 740 3044 mandato
752 2997 899 3045 Clementis
907 2997 1049 3051 ii,decret0
1060 2995 1112 3042 isio
1124 3001 1292 3053 praecipitur
1303 2995 1330 3041 in
1339 2994 1439 3042 virtute

352 3052 539 3110 obedientiae,
558 3055 618 3102 i'Ut
634 3056 668 3102 de
683 3061 774 3103 cetero
792 3054 928 3102 neminem
946 3068 996 3113 pro
1014 3053 1167 3108 Tertiariis',
1189 3055 1230 3099 vel
1251 3051 1368 3106 Oblatis‚
1389 3065 1438 3098 seu

354 3111 479 3167 Donatis
492 3119 540 3160 aut
551 3112 717 3164 commissis.
731 3114 773 3160 vel
786 3111 983 3166 servientibus,
997 3125 1047 3159 nec
1058 3124 1108 3170 pro
1117 3109 1274 3170 hospitibus
1284 3123 1332 3156 seu
1343 3119 1436 3168 postu-

354 3169 484 3226 lantibus,
502 3171 545 3218 vel
557 3169 732 3232 cantoribus,
752 3178 800 3218 aut
818 3170 873 3218 alio
892 3183 1066 3230 quocumque
1082 3169 1192 3216 nomine
1208 3168 1385 3226 nuncupatis,
1405 3180 1439 3215 ac

352 3228 451 3288 quovis
461 3226 559 3276 habitu
571 3229 682 3284 indutis
693 3231 735 3276 vel
744 3227 899 3292 induendis,
910 3242 957 3276 seu
969 3227 1067 3286 quovis
1077 3234 1227 3292 praetextu3
1236 3227 1377 3276 velcausa.
1390 3231 1439 3272 aut

305 3336 308 3344 Α
351 3288 478 3350 quaesito
493 3289 584 3335 colore
598 3287 742 3344 recipiant,
754 3301 801 3334 seu
812 3287 1003 3334 admittantad
1017 3284 1199 3333 habitandum
1220 3290 1290 3331 intra
1308 3285 1437 3339 claustra,

350 3345 402 3401 nisi
414 3344 573 3405 vigesimum
585 3347 682 3394 aetatis
692 3359 757 3392 suae
768 3358 870 3391 annum
881 3343 1037 3402 expleverit,
1050 3357 1198 3401 omnesque
1206 3342 1246 3388 sic
1257 3348 1380 3404 receptos
1390 3355 1438 3389 seu

350 3401 484 3450 admissos
500 3403 543 3456 tiis
554 3409 660 3450 tantum
675 3401 803 3462 exceptis,
816 3401 863 3462 qui
875 3404 1010 3461 completa
1024 3407 1113 3448 aetate
1124 3413 1258 3446 annorum
1271 3399 1457 3463 quindecim„

351 3473 401 3518 pro
421 3461 544 3516 Clericis¹
565 3475 611 3508 seu
634 3461 766 3509 Choristis
789 3461 816 3506 in
837 3457 934 3506 habitu
956 3459 1123 3506 novitiorum
1144 3471 1246 3505 annum
1268 3455 1439 3521 probationis

351 3522 469 3576 aguntla
482 3519 664 3573 Monasteriis‚
672 3533 719 3567 seu
730 3515 866 3566 Domibus
881 3515 1052 3577 regularibus
1066 3516 1177 3564 omnino
1192 3523 1338 3562 amoveant
1351 3520 1378 3561 et
1392 3514 1438 3574 eji-

350 3577 425 3624 ciant
437 3576 508 3624 inira
518 3577 793 3624 terminumduorum
803 3575 971 3623 mensium.»
1131 3613 1146 3618 ..

380 3634 461 3692 Apud
474 3633 601 3682 Ferraris.
614 3649 630 3679 v
647 3635 762 3688 Habitus,
775 3649 802 3680 n.
816 3641 892 3688 32·35,
905 3646 955 3690 pro
971 3630 1061 3679 verbis
1081 3631 1113 3678 a'd
1126 3631 1281 3677 habitandum
1301 3635 1440 3688 ponuntur

351 3691 383 3737 ad
399 3693 522 3756 ¹liuditum.
543 3692 633 3755 Quam
652 3691 796 3740 lectionem
820 3700 877 3738 e'sse
904 3691 1071 3746 mendosa-m,
1092 3699 1188 3736 contra
1214 3694 1296 3751 atque
1314 3697 1440 3752 autumat

352 3754 469 3810 scriptor
488 3748 620 3807 periodici
639 3747 761 3798 Moiiitore
780 3763 816 3808 xp.
833 3763 859 3808 p.
878 3756 929 3798 232.
948 3756 999 3801 233.
1018 3756 1125 3794 constat
1141 3755 1198 3792 tum
1214 3760 1246 3792 ex
1262 3752 1440 3804 inscriptione

352 3806 469 3858 Decreti,
483 3819 500 3852 a
516 3807 638 3854 Ferraris
653 3808 763 3862 omissa,
777 3816 803 3854 et
814 3820 894 3866 quae,
911 3807 985 3864 apud
995 3805 1127 3860 Bizzarri‚
1140 3804 1180 3851 sic
1191 3809 1282 3851 sonat:
1298 3821 1306 3847 i
1323 3804 1363 3850 De
1374 3804 1439 3852 Ter·

351 3863 449 3918 tiariiS,
472 3869 499 3910 et
521 3864 693 3924 Hospitibus
716 3873 800 3925 atque
815 3863 878 3911 aliis
900 3878 956 3910 non
970 3863 1154 3927 recipiendis„
1169 3875 1220 3908 nec
1243 3861 1393 3926 retinendis
1407 3861 1440 3908 ad

352 3921 568 3970 latitandiimetc.
583 3937 603 3978 i;
621 3932 677 3970 tum
693 3937 725 3970 ex
735 3928 821 3970 altero
838 3922 956 3977 delectu,
974 3936 1029 3983 quo
1048 3923 1171 3969 Ferraris
1186 3920 1327 3978 praeteriit
1338 3917 1438 3968 verba:

351 3992 380 4026 ae
390 3983 473 4038 quovis
485 3980 565 4026 habitu
581 3980 670 4028 indutis
686 3981 720 4027 uel
731 3979 872 4033 induendis:
884 3989 941 4027 tum
953 3979 1072 4040 denique
1080 3993 1112 4027 ex
1121 3977 1276 4025 testimonio
1287 3977 1438 4041 Nervegna,

354 4039 401 4097 qui
414 4039 524 4092 collato,
536 4045 566 4085 ut
578 4052 604 4097 p,
618 4047 630 4086 8
642 4037 767 4093 affirmat,
781 4047 854 4086 textu
873 4038 947 4096 apud
964 4037 1145 4086 Secretariam
1164 4035 1190 4084 S.
1215 4037 1246 4083 C.
1266 4048 1348 4093 super
1359 4034 1456 4083 disci-¹

355 4094 433 4154 plina
449 4095 729 4156 regulari‚confirmat
741 4095 885 4143 lectionem
897 4096 1014 4144 Bizzari.
1224 4149 1228 4158 Ι
1386 4150 1390 4159 ,
1433 4099 1438 4159 ¹.

387 4154 544 4214 Utcumque
569 4162 659 4202 tamen
685 4169 714 4202 se
733 4168 775 4202 res
795 4152 890 4203 habet·
908 4154 1092 4212 astipulamur
1115 4152 1196 4211 plane
1222 4154 1440 4208 interpretationi

358 4211 478 4270 ejusdem
497 4211 629 4276 periodici
646 4227 701 4272 qua
719 4210 869 4276 prohibitio
880 4211 914 4259 iis
929 4209 1165 4276 circumscribitur
1176 4208 1223 4269 qui
1239 4215 1442 4273 commorentur

360 4284 388 4318 in
407 4281 570 4320 monasterio
588 4279 717 4330 tanquam
738 4269 834 4326 oblati,
855 4269 959 4322 donati.
980 4270 1022 4317 vel
1043 4269 1230 4332 postulantes„
1243 4280 1271 4313 in
1290 4266 1387 4332 ordina
1405 4267 1441 4316 ad

359 4327 479 4387 aliquam
492 4329 692 4388 cooptationem
705 4327 733 4374 in
744 4328 805 4375 Reli
826 4331 923 4382 ionem,
935 4327 978 4374 vel
990 4333 1120 4386 tanquam
1132 4330 1310 4373 inservientes
1342 4339 1368 4372 iii
1381 4339 1441 4384 ipso

358 4383 455 4449 habitu
467 4387 610 4449 ostendant
619 4400 648 4432 se
657 4385 751 4450 aliquo
763 4343 843 4450 modo
854 4386 978 4450 addictos
990 4383 1163 4449 monasterio.
1174 4383 1207 4430 Id
1218 4396 1250 4448 eii
1261 4339 1439 4448 findernam,

358 4440 492 4490 abusibus
501 4456 569 4501 quos
581 4447 729 4502 compescit
737 4448 764 4489 et
772 4456 845 4489 omni
854 4449 957 4501 scripto
965 4444 1038 4489 clare
1047 4442 1173 4489 videmur
1180 4441 1315 4500 colligere.
1325 4441 1442 4488 Minime
