3142 5004
13 4461 26 4510 5:

158 348 341 430 [283-286]
416 371 452 406 ns
468 368 700 406 oerrenrronmus
716 368 851 405 aarrerosr
867 369 995 406 reornssr
1190 350 1248 413 idi

202 507 292 572 283.
321 507 411 568 Voto
438 503 604 566 castitatis
631 502 840 588 prohibetur!
857 503 1045 584 religiosus,
1072 506 1108 566 er
1138 505 1249 568 motivo

160 587 353 670 Religionis,¹
379 587 463 649 orrrni
491 586 618 648 trrrrrin
646 587 779 648 interna
801 593 834 648 et
856 593 1008 650 externa.
1033 588 1180 664 Etenim,
1209 609 1249 651 ex

161 670 331 734 communi
357 669 539 745 intellectu,
564 675 597 730 et
613 675 650 730 ut
668 668 715 730 rei
730 668 794 730 lert
810 677 945 742 natura,
962 669 1048 733 idem
1064 678 1116 732 est
1138 671 1248 752 objec-

159 763 230 818 tum
245 750 418 818 materiale
433 752 568 814 virtutis
581 752 669 832 quod
682 751 751 813 soti
765 753 943 814 castitatis.
961 753 1013 814 Ex
1025 761 1106 816 voto
1118 755 1248 816 accedit

158 837 314 899 meritum
329 835 464 906 virtutis
477 835 658 916 religionis,
672 844 732 896 aut
744 835 949 896 contrariam
963 835 1056 897 alitia
1068 836 1246 917 sacrilegii.

194 930 262 988 Non
276 938 425 1002 repugnat
438 941 539 986 tamen
554 939 586 984 ut
596 936 699 984 votum
714 927 839 984 violetur
853 928 963 984 intacta
973 928 1116 986 castitatis
1126 929 1247 1002 virtute:

158 1013 230 1076 puta
260 1001 446 1075 quempiam,
469 1001 612 1056 adversus
635 999 784 1071 privatum
807 1000 951 1056 castitatis
976 1013 1091 1070 votum,
1125 1018 1247 1058 uxorem

157 1077 264 1132 ducere
284 1084 313 1130 et
333 1073 525 1130 matrimonio
545 1072 597 1127 uti.
615 1071 774 1126 Peccatum
795 1071 847 1126 uni
867 1070 1069 1128 adversabitur
1087 1071 1247 1138 Religioni.

195 1143 342 1203 Nonnulli
355 1143 545 1204 violationem
556 1138 707 1201 sollemnis
714 1143 909 1214 votiarguunt
918 1139 1077 1202 strictioris
1087 1144 1246 1218 sacrilegii3

157 1219 219 1289 sed,
237 1217 275 1273 ob
290 1215 523 1274 sollemnitatem
540 1232 601 1271 non
616 1215 729 1292 variare
742 1215 885 1286 speciem,
901 1214 1030 1271 vidimus
1043 1233 1073 1272 n.
1090 1215 1140 1285 84.

164 1314 167 1319 '
201 1302 290 1366 284.
311 1309 339 1365 1'.
361 1293 627 1364 Votrrir'isotterrrne
640 1299 807 1361 castitatis
820 1298 851 1360 in
866 1299 1074 1380 professione
1092 1300 1247 1381 religiosa

159 1384 341 1451 emissum:
593 1429 596 1436 -
939 1441 945 1450 .
999 1442 1000 1447 ,

160 1471 163 1476 ’
199 1469 231 1544 a)
249 1466 348 1528 Solvit
363 1464 598 1529 matrimonium
612 1469 716 1526 rotari
732 1484 798 1526 non
816 1471 1086 1528 consummatum
1102 1485 1109 1542 ;
1157 1528 1158 1532 ,

199 1550 232 1626 b)
249 1551 312 1611 Est
326 1549 577 1630 inpedimentum
593 1546 741 1609 dirimens
757 1547 860 1610 futuri
877 1547 1094 1612 matrimonii.
1197 1555 1199 1562 ’

201 1652 231 1693 2.
255 1631 379 1692 Votum
395 1631 547 1713 simplex:

179 1777 181 1780 ,
201 1715 233 1790 a)
251 1714 442 1794 Numquam
458 1713 559 1779 solvit
577 1711 827 1776 matrimonium
838 1713 908 1794 jam
926 1718 1138 1788 contractum
1155 1735 1162 1792 ;

202 1795 235 1873 b)
252 1795 320 1857 Nec
330 1799 386 1876 per
400 1816 441 1873 se,
459 1797 536 1858 licet
552 1815 593 1857 ex
608 1795 783 1878 privilegio
806 1796 870 1857 hoc
887 1796 916 1858 ei
932 1804 1102 1878 competat
1118 1797 1148 1858 in
1166 1796 1245 1859 Soc.

161 1879 254 1963 Jesu,
279 1886 330 1938 est
345 1877 619 1960 impedimentum
643 1878 802 1954 dirimens,
819 1878 876 1938 sed
894 1886 1024 1940 tantum
1042 1879 1223 1959 impediens
1238 1901 1245 1956 ;

203 1964 233 2038 c)
257 1960 473 2043 Dispensatio
490 1966 602 2022 tamen
619 1961 688 2023 voti
705 1960 864 2044 simplicis
882 1965 1078 2022 reservatur
1094 1962 1130 2024 S.
1156 1962 1244 2039 Sedi,

1326 501 1367 568 Vis
1377 503 1425 548 von
1434 502 1460 548 ta

1303 573 1443 607 rrrrrurrsnm.

1330 1295 1441 1354 Regimen

1301 1358 1351 1422 voli
1368 1353 1458 1400 sollem-

1301 1427 1349 1470 ms,

1325 1639 1457 1702 Simplicis.

163 2042 238 2120 nisi,
255 2062 297 2103 ex
324 2043 541 2125 dispositione
564 2044 720 2125 positiva,
744 2063 803 2125 per
826 2041 1034 2104 dimissionem
1051 2042 1245 2124 legitimam,
1301 2061 1307 2068 ·

163 2126 275 2187 omnia
293 2131 372 2187 vota
389 2125 546 2206 religiosa
563 2128 751 2188 solvantur.

202 2209 292 2273 285.
324 2208 375 2269 Ad
406 2207 583 2268 tutandam
618 2209 809 2270 castitatem
851 2207 1052 2288 religiosam,
1095 2208 1246 2271 sancitur

160 2287 317 2365 clausurn,
335 2290 375 2352 de
398 2309 464 2370 qua
489 2289 587 2368 infra,
613 2311 646 2352 n.
663 2305 725 2369 301
750 2309 801 2371 sq.
826 2296 859 2351 et
880 2289 1044 2352 reservatio
1060 2290 1189 2370 peccati,
1206 2292 1247 2353 de

160 2389 226 2452 qua
249 2373 375 2434 statim.
908 2372 913 2387 “’

200 2455 409 2519 assantes
424 2474 523 2516 casus
546 2453 750 2517 Clementiam
773 2457 844 2533 (seu
861 2455 916 2535 qui
939 2454 1107 2517 reservari
1134 2456 1247 2519 valent

159 2535 201 2598 ab
218 2537 289 2618 ipso
306 2537 498 2622 Superiora
517 2545 560 2600 et
584 2539 616 2599 in
640 2538 754 2600 multis
778 2537 961 2601 Ordinibus
983 2557 1020 2600 re
1042 2557 1123 2599 vera
1141 2557 1247 2600 reser-

159 2623 295 2698 vantur)
313 2621 481 2703 reperitur
501 2626 569 2683 6²¹⁵:
593 2621 713 2703 Lopsus
735 2622 837 2684 carnis
859 2619 1062 2699 voluntarius,
1080 2623 1163 2701 opere
1178 2642 1247 2682 con·

158 2708 341 2765 srrrrrrmtus.
360 2703 465 2786 Cujus
481 2721 581 2766 casus
597 2705 681 2766 haec
698 2705 1000 2784 est-interpretatio
1019 2725 1025 2764 :

200 2790 233 2862 a)
261 2785 306 2848 Ut
335 2788 449 2867 lapsus
472 2786 515 2848 sit
545 2791 630 2866 opere
652 2793 889 2862 corrrumrrrotrrs,
916 2786 1098 2865 requiritur
1120 2773 1247 2868 species
1298 2782 1300 2787 ’

160 2866 312 2926 luxuriae
328 2875 593 2945 consummatae,
619 2870 689 2930 sive
710 2869 808 2948 juxta
835 2869 907 2929 sive
934 2875 1053 2936 contra
1071 2875 1246 2946 naturam3

161 2967 200 3006 ac
228 2947 336 3026 proin,
362 2948 394 3008 in
420 2950 506 3024 vir0,
530 2950 653 3012 seminis
675 2949 793 3030 effirsiO.
818 2953 892 3014 Non
916 2950 1039 3012 sufficit
1061 2947 1246 3014 distillatio

201 3027 235 3105 b)
256 3026 467 3119 Voluntarins.
492 3032 541 3092 Ne
557 3050 623 3092 vox
638 3033 835 3113 superfluat,
854 3032 991 3113 intelligi
1009 3039 1119 3115 potest
1134 3034 1248 3114 lapsus

161 3111 373 3171 voluntarius
397 3110 430 3171 in
453 3131 492 3179 se,
520 3131 561 3172 ex
584 3112 769 3175 intentione
786 3115 881 3177 istius
898 3114 1049 3176 effectus.
1066 3116 1164 3176 Hanc
1181 3136 1248 3177 non

160 3192 264 3255 habet
279 3191 355 3280 qui,
380 3191 452 3253 sine
475 3193 660 3256 intentione
676 3198 881 3278 pollutionis,
899 3197 972 3257 vult
989 3203 1121 3259 tantum
1137 3199 1249 3277 legere

163 3294 282 3359 prava.
1189 3352 1192 3357 Ι

202 3361 233 3437 c)
241 3359 358 3420 Plures
371 3356 471 3422 immo
484 3357 672 3438 requirunt,
683 3367 720 3422 ut
734 3359 873 3423 effectus
886 3360 1035 3423 intentus
1048 3368 1250 3443 procuretur

161 3443 295 3503 actione
311 3445 435 3502 externa
451 3443 639 3505 mortaliter
653 3443 685 3504 in
698 3463 820 3523 genere
837 3444 989 3505 luxuriae
1003 3442 1248 3526 peccaminosa.

1331 2211 1461 2267 Praestatur
1535 2269 1537 2273 ,

1302 2278 1371 2326 istius
1383 2282 1440 2326 inti.

1330 2469 1367 2516 De
1376 2471 1460 2516 Pecca-

1303 2533 1325 2576 io
1336 2533 1460 2575 reservato.

161 3524 256 3589 Unde
274 3542 341 3585 non
355 3522 559 3587 commiserit
576 3543 690 3587 casum
709 3527 764 3606 qui
780 3527 1013 3606 procuraverit
1030 3526 1248 3610 pollutionem

162 3607 309 3669 fovendo
329 3605 540 3684 desiderium,
559 3607 753 3689 aspiciendo
768 3616 881 3691 partes
897 3609 1070 3672 honestas·

202 3691 235 3768 d)
259 3689 295 3752 Si
318 3687 416 3769 quern
434 3696 558 3767 autem,
576 3697 655 3752 ante
681 3692 898 3773 pollutionem
924 3693 1106 3775 paeniteat,
1132 3692 1159 3754 is
1182 3712 1249 3754 non

163 3773 340 3834 committit
365 3771 584 3855 probabiliter
607 3791 735 3841 casum.
761 3773 829 3837 Cir.
855 3777 941 3853 Piat,
963 3799 989 3854 1,
1008 3795 1039 3858 p.
1057 3781 1205 3858 479·482.

397 3937 412 4024 s
439 3953 477 4030 3.
508 3928 577 4008 De
606 3928 654 4006 V
650 3934 713 4010 oto
742 3929 1009 4011 Obedierrtiae

161 4106 189 4161 S.
207 4105 349 4167 Tnomas,
363 4105 386 4168 2,
399 4103 422 4168 2,
435 4118 460 4172 q.
475 4107 529 4159 104.
544 4107 598 4178 105.
613 4107 668 4170 186,
681 4106 734 4175 art.
746 4111 770 4161 5.
782 4110 805 4161 6.
818 4109 833 4161 8
848 4110 877 4162 et
887 4109 922 4172 9;
942 4109 979 4162 lle
988 4097 1168 4176 per-sectione
1177 4106 1250 4160 citae

193 4182 362 4260 spiritualis,
377 4197 400 4236 c.
415 4183 452 4236 10.
468 4185 511 4249 12;
529 4187 699 4249 Passenni,
718 4187 757 4242 De
774 4189 925 4243 Hominum
938 4186 1067 4248 statibus,
1080 4185 1099 4239 t.
1113 4187 1135 4248 1,
1147 4185 1178 4238 iu
1189 4185 1213 4248 2,
1226 4185 1249 4245 2,

194 4277 218 4330 q.
233 4262 288 4325 186,
300 4261 353 4315 art.
365 4264 389 4316 5.
402 4262 425 4316 6.
438 4263 462 4326 8,
480 4277 505 4332 p.
524 4265 635 4319 494-498
653 4265 682 4319 et
699 4279 725 4333 p.
743 4265 793 4321 660
810 4279 885 4335 sqq.;
903 4268 1028 4329 suarez,
1047 4265 1085 4320 lle
1103 4264 1249 4333 Retiqr'orre.

194 4342 227 4394 tr.
239 4342 262 4404 7,
271 4339 288 4392 l.
300 4340 343 4404 103
356 4340 390 4395 tr.
400 4341 439 4405 10,
451 4341 468 4394 l.
478 4343 502 4406 4,
512 4356 534 4396 o.
547 4343 638 4410 12·15;
650 4340 797 4410 Sanc'bea
810 4346 844 4401 ln
857 4346 1032 4414 Hecatonem,
1044 4345 1063 4398 l.
1072 4345 1104 4409 63
1116 4345 1250 4407 Lessius,
1297 4385 1305 4408 ·.
