3148 5004
113 1009 233 1070 cnjirges.

141 1175 211 1242 Optio
232 1171 268 1222 di·

112 1239 212 1314 antris.

114 2079 188 2146 furis
197 2081 270 2128 amis·

114 2151 160 2186 sto.

118 3924 233 3969 Assmsns
244 3923 277 3966 est

118 3979 224 4027 condicio
235 3992 275 4025 va·

119 4037 186 4084 loris.

321 432 361 494 90
615 453 681 488 raas
698 453 819 501 puanrn.
837 455 934 491 sscrro
951 460 969 492 i.
988 456 1115 494 cacurri

322 587 400 652 dum
431 594 680 667 consecratum,
717 609 793 654 curn
830 599 906 674 post
944 593 1234 659 confirmationem
1272 601 1411 659 munere

326 671 508 755 episcopali
524 673 567 734 sit
584 680 717 735 auctus.

364 755 438 818 Non
455 755 561 818 teneri
575 755 781 833 Episcopum
795 776 874 818 mere
889 755 1026 821 electum:
1044 760 1097 821 vel
1114 760 1170 840 qui
1179 759 1252 841 jam
1267 761 1410 841 legitime

323 837 486 900 cathedra
509 858 539 898 se
565 836 731 914 abdicarit,
756 839 809 900 vel
837 859 928 903 mere
956 839 1125 906 titularem.
1144 843 1194 905 De
1218 845 1283 908 hoc
1298 853 1411 906 tamen

323 919 458 1001 quidam
471 920 622 983 severius
635 921 852 1002 respondent.
866 923 917 986 Ita
931 923 1069 993 Suarez.
1081 932 1125 989 tr.
1136 947 1165 1006 7,
1176 926 1198 988 l.
1207 931 1237 1004 6,
1252 946 1282 990 c.
1292 931 1323 1002 8,
1336 947 1370 991 n.
1379 945 1410 1006 5.

368 1005 454 1068 145.
477 1006 667 1082 Coniuges,
678 1007 749 1084 post
770 1011 1012 1068 consummatum
1032 1008 1275 1084 matrimonium,
1294 1028 1412 1071 arcen-

324 1092 381 1149 tur
395 1107 416 1148 a
431 1087 617 1168 Religione,
631 1085 694 1148 nisi
708 1085 787 1148 alter
798 1087 933 1168 snojnrc
947 1089 1069 1152 cesserit
1083 1089 1130 1152 nel
1140 1091 1292 1157 ceciderit.
1373 1127 1375 1130 ·

366 1169 400 1252 a)
415 1169 520 1232 Donec
541 1168 777 1231 matrimonium
804 1177 1038 1240 consummetur,
1065 1181 1159 1257 patet
1184 1172 1340 1236 alterutri
1362 1171 1410 1235 in-

324 1271 461 1335 gressus
485 1252 518 1314 in
535 1253 744 1332 religionem,
770 1252 871 1316 etiam
893 1255 1002 1318 altero
1024 1255 1142 1334 invit0,
1159 1263 1260 1336 atque
1282 1277 1324 1319 ex
1334 1256 1411 1338 jure

324 1335 470 1418 positivo
496 1334 696 1398 conceditur
718 1335 864 1416 spatium
881 1336 1026 1400 duorum
1050 1339 1212 1402 mensium
1229 1339 1270 1400 ad
1286 1339 1410 1400 delibe-

325 1418 469 1481 randum
481 1419 521 1480 de
533 1418 700 1498 ingressu.
710 1417 775 1480 Per
789 1417 879 1482 istud
891 1419 1005 1499 itaque
1018 1426 1158 1502 tempus,
1169 1420 1264 1501 cujus
1276 1419 1413 1482 initium

326 1500 460 1564 deliniet
479 1501 582 1579 judex
605 1501 855 1562 ecclesiasticus
880 1501 901 1571 ¹,
927 1501 978 1565 las
1001 1504 1066 1566 erit
1091 1504 1133 1566 ob
1158 1503 1245 1566 hanc
1267 1507 1413 1564 causam

325 1589 452 1662 negare
473 1583 641 1646 debitum.
664 1582 760 1665 Quod
784 1584 824 1661 si,
848 1592 928 1647 ante
952 1585 1049 1649 binos
1071 1586 1154 1649 istos
1173 1603 1316 1662 menses,
1342 1585 1408 1658 vir,

325 1664 477 1728 adhibita
493 1666 538 1744 vi,
556 1685 620 1728 usu
643 1673 733 1728 esset
755 1667 982 1745 matrimoni0,
1006 1671 1119 1731 soluta
1142 1674 1254 1730 manet
1276 1666 1412 1748 conjugi

325 1748 430 1828 optio.
454 1748 549 1810 Haec
572 1747 716 1810 duorum
739 1750 904 1812 mensium
929 1750 1085 1829 facultas,
1110 1771 1187 1815 cum
1233 1750 1346 1813 ositivi
1368 1750 1412 1812 sit

321 1829 420 1913 juris,
446 1850 514 1893 non
536 1832 673 1913 prodest
696 1832 759 1894 nisi
783 1831 822 1893 iis
846 1833 901 1914 qui
927 1831 1032 1896 velint
1055 1833 1185 1914 ingredi
1203 1769 1409 1912 Religionem

326 1923 442 1996 presse
458 1916 571 1977 talem.
595 1950 635 1960 -
658 1912 729 1978 Cir.
748 1920 777 1978 c.
794 1915 934 1994 Verum,
950 1937 984 1994 23
1002 1917 1055 1978 Ex
1070 1916 1215 1998 public0,
1234 1936 1264 1995 7,
1280 1915 1328 1976 De
1343 1935 1411 1976 con-

325 1994 461 2058 versione
475 1996 710 2077 conjngetornm
726 1999 789 2075 (111,
808 2001 872 2076 32).

367 2078 401 2157 b)
417 2079 500 2161 Jure
515 2077 599 2142 ondit
610 2077 688 2141 niter
705 2079 881 2163 conjugum,
899 2081 926 2142 si
942 2080 1107 2143 adulterio
1123 2081 1176 2142 vel
1192 2079 1411 2162 aequiparato

327 2163 453 2224 scelere
469 2161 673 2246 apostasiae,
691 2162 854 2240 haeresiS,
869 2164 925 2244 jus
941 2163 1038 2225 alteri
1055 2163 1211 2227 tribuerit
1227 2172 1409 2246 perpetuae

326 2246 569 2326 separationis.
586 2245 764 2326 Separatio
775 2253 910 2327 oportet
932 2253 970 2308 ut
981 2247 1107 2326 judicio
1123 2247 1355 2309 ecclesiastico
1370 2244 1414 2306 sit

326 2326 463 2405 indicta,
490 2328 554 2391 nisi
571 2328 697 2389 crimen
714 2327 813 2391 fuerit
830 2331 1012 2392 notorium.
1031 2328 1102 2391 Cir.
1130 2349 1160 2392 c.
1185 2329 1412 2405 Constitutus,

330 2427 382 2490 153
397 2411 557 2488 Veniens,
579 2416 626 2489 16,
645 2411 692 2471 Dc
706 2411 898 2473 conversione
913 2412 1147 2494 conjugatorum
1163 2414 1226 2490 (111,
1244 2415 1309 2492 32).

369 2496 400 2570 c)
415 2491 553 2554 Alterius
576 2492 675 2563 tertii
700 2514 834 2572 assensn,
864 2495 920 2574 qui
947 2504 1057 2557 metus
1078 2495 1162 2557 vitio
1184 2497 1227 2558 sit
1242 2493 1410 2569 immunis,

328 2574 599 2656 impedimentum
627 2575 768 2639 tollitur.
796 2577 880 2638 Pars
906 2585 1020 2639 tamen
1047 2577 1113 2655 (vir
1138 2580 1192 2639 vel
1213 2581 1311 2656 uxor)
1328 2594 1413 2656 quae

328 2659 497 2734 annuerit,
514 2658 613 2720 debet
629 2659 713 2737 ipsa.
731 2659 759 2721 si
770 2658 905 2739 juvenis
919 2660 1020 2722 fuerit
1032 2662 1086 2723 vel
1102 2662 1413 2741 quomodocumque

328 2748 485 2821 suspecta
511 2740 551 2803 de
578 2739 835 2818 incontinentia,
862 2742 1070 2822 Religionem
1097 2743 1248 2823 ingredi3
1279 2742 1413 2802 sivero

329 2824 482 2903 integrae
505 2823 615 2886 lamae
641 2823 742 2885 fuerit
768 2833 801 2885 et
818 2824 890 2905 ejus
913 2826 1036 2886 aetatis
1062 2845 1129 2905 qua
1152 2827 1242 2888 nulla
1263 2825 1333 2905 jam
1360 2829 1413 2882 est

329 2905 592 2968 incontinentiae
604 2906 762 2988 suspicio,
780 2909 863 2968 satis
877 2910 944 2970 erit
958 2908 987 2970 si
1011 2910 1043 2971 in
1066 2912 1312 2970 seculomtum
1328 2925 1415 2966 nun-

331 2998 431 3069 cupet
455 2989 683 3051 continentiae
711 2997 793 3050 tunc
813 3010 889 3052 cum
913 2992 1001 3052 alter
1017 2991 1259 3072 professionem
1284 2989 1416 3050 sollem-

330 3091 407 3134 nem
420 3080 472 3133 est
484 3071 635 3134 facturus
651 3073 674 3133 ².
693 3109 731 3117 -
750 3072 820 3135 Cir.
834 3093 863 3135 c.
881 3075 1075 3150 Praeterea,
1093 3095 1124 3150 1;
1139 3074 1224 3136 Cum
1242 3074 1298 3148 sis,
1316 3093 1351 3154 43
1366 3070 1415 3154 Ad

331 3155 563 3237 apostolicam,
585 3177 632 3234 13;
652 3155 874 3233 Significavit,
904 3163 952 3232 18,
970 3157 1018 3217 De
1034 3158 1222 3217 conversione
1238 3155 1416 3236 conjugato·

329 3257 400 3300 rum
416 3243 481 3318 (111,
500 3241 564 3318 32).
580 3239 766 3300 —Rursus
782 3239 947 3318 positivae
964 3239 1047 3301 istae
1063 3239 1256 3301 sanctiones
1273 3241 1427 3300 circum.

330 3322 526 3384 scribuntur
542 3323 716 3400 Religione
732 3323 850 3382 stricte
866 3323 936 3384 tali.
1282 3361 1285 3368 -

372 3405 498 3467 Votum
515 3405 603 3466 istud
619 3405 653 3467 in
670 3405 784 3465 seculo
800 3410 1034 3486 nuncupatum
1050 3423 1158 3483 neque
1174 3409 1225 3464 est
1241 3404 1415 3479 sollemne,

332 3506 440 3567 neque
453 3487 587 3549 videtur
604 3486 763 3549 dirimere
779 3486 1043 3560 matrimonium,
1058 3487 1159 3566 quod,
1178 3490 1331 3567 neglecta
1348 3482 1418 3546 voti

331 3571 504 3650 religione,
522 3570 729 3637 contraxerit
744 3572 841 3645 alter,
859 3576 993 3632 mortua
1009 3575 1105 3648 parte
1122 3589 1207 3648 quae
1223 3569 1419 3649 religionem

333 3660 384 3714 est
408 3653 571 3734 professa.
600 3650 660 3713 Cir
701 3651 867 3727 Sancliez,
895 3653 944 3713 De
969 3650 1181 3722 Matrimonia,
1210 3653 1231 3712 l.
1261 3669 1289 3729 7,
1315 3650 1345 3711 d.
1365 3672 1417 3729 32,

332 3755 365 3796 n.
391 3743 471 3815 5-83
500 3735 814 3814 Schmalzgrueber,
839 3736 873 3797 in
900 3738 922 3796 l.
940 3757 970 3814 3,
989 3745 1014 3796 t.
1032 3757 1082 3814 32,
1108 3756 1141 3796 n.
1166 3740 1273 3822 66368,
1298 3743 1419 3794 contra

334 3819 513 3879 nonnullos
529 3815 625 3878 alios.

374 3901 406 3980 d)
423 3903 589 3962 Assensus
606 3898 770 3980 conjugis,
798 3906 965 3980 quatenus
988 3899 1183 3980 requiritur,
1211 3899 1253 3961 ad
1279 3894 1419 3972 ualidam

333 3985 526 4064 postulatur
552 3981 808 4064 professionem.
837 3983 902 4065 Qui
925 4001 1008 4045 vero
1023 4002 1065 4044 ex
1080 3981 1144 4044 hoc
1162 3983 1271 4064 capite
1286 3979 1418 4043 irritam

366 4195 373 4228 ¹
387 4194 429 4240 lta
440 4188 612 4250 probabilior
623 4191 817 4250 plerorumque
828 4190 971 4238 sententia.
986 4190 1033 4238 Cir
1054 4189 1124 4247 Piat,
1138 4196 1156 4238 t.
1170 4209 1190 4244 ι.
1203 4205 1229 4249 p.
1243 4197 1279 4245 57.

362 4248 669 4302 ²Ballerini-Palmieri.
689 4249 750 4308 Opus
768 4248 836 4296 theol.
858 4258 883 4297 tr
903 4263 928 4300 x.
946 4262 958 4295 s
981 4257 1004 4304 8,
1016 4248 1167 4296 adhaerens
1178 4247 1422 4309 Schmalzgrueber

334 4309 362 4358 in
374 4309 391 4355 l.
406 4316 426 4362 3.
439 4317 457 4355 t.
471 4315 507 4361 32.
525 4322 551 4354 n.
572 4315 608 4354 32.
622 4314 649 4353 33
661 4315 687 4354 et
698 4319 815 4366 arguens
833 4309 864 4354 e'x
881 4321 904 4354 c.
920 4306 1011 4363 Sinin,
1029 4307 1059 4354 C.
1075 4321 1112 4362 27,
1125 4321 1151 4366 q.
1170 4325 1192 4362 2,
1205 4306 1342 4355 existimat
1352 4320 1423 4372 opus

334 4380 392 4414 esse
411 4373 442 4411 ut
462 4373 604 4423 praeterea
624 4365 740 4411 accedat
750 4377 878 4411 assensus
891 4364 1031 4424 Episcopi.
1044 4363 1179 4415 Videlicet
1199 4364 1251 4412 hoc
1271 4363 1422 4424 requiritur

334 4429 471 4484 quatenus
489 4423 548 4468 sine
563 4421 728 4484 auctoritate
746 4421 887 4468 Ecclesiae
908 4421 1037 4482 conjuges
1055 4423 1125 4469 alter
1141 4420 1178 4469 ab
1193 4423 1279 4470 altero
1299 4420 1421 4480 separari

333 4495 388 4528 non
399 4485 521 4538 possunt.
535 4482 578 4526 lta
588 4479 677 4538 glossa
688 4491 717 4525 ιιι
727 4477 800 4525 hunc
811 4491 953 4526 canonem.
