3138 5014
148 447 332 528 [499-500]
367 470 402 504 nu
418 469 510 504 sactus
526 465 695 532 Mrursrpans
710 467 744 502 ux
760 465 916 502 rorssrnrs
932 465 1086 500 ottomanus
1175 442 1234 502 309

190 625 221 667 2.
248 601 417 665 Parochia
444 606 554 685 potest
577 621 651 664 esse
666 600 760 664 unita
775 600 980 670 monasterio
996 598 1083 680 quod
1099 597 1141 660 ad
1155 595 1235 660 solos

146 684 266 749 reditus
282 682 470 762 territorules
495 685 569 768 Quo
586 699 678 762 casu,
697 688 726 747 ei
741 684 985 766 praeficiendus
997 695 999 698 ’
1012 688 1063 744 est
1093 681 1234 746 Vtcartus

138 773 313 852 perpetuae,
332 767 387 847 qui
403 768 553 849 proinde,
571 773 711 850 excepto
730 768 805 849 jure
829 767 964 848 speciali
979 767 1234 828 Praemonstra-

146 852 304 928 tensium,
337 851 501 931 regularis
531 869 604 912 esse
634 870 733 932 posse
762 870 829 911 non
860 849 993 910 videtur
1025 849 1045 910 ¹.
1076 845 1234 908 Institutio

145 941 257 996 autem
287 933 431 1014 pertinet
461 934 569 996 omnis
600 935 641 994 ad
667 934 884 1016 Episcopum,
915 932 1034 994 relicta
1061 929 1234 1010 Superiori

147 1019 294 1098 regulari
311 1016 473 1078 facultate
483 1015 712 1096 praesentandi.
1111 1073 1112 1076 ,

187 1122 216 1179 3.
232 1099 385 1178 Denique
402 1101 560 1181 parochia
575 1117 649 1160 esse
672 1105 783 1181 potest
798 1095 954 1174 secrrturis,
972 1095 1005 1157 in
1021 1095 1117 1176 cujus
1134 1093 1234 1156 colla·

145 1184 236 1246 tione
254 1182 496 1245 monasterium
512 1182 620 1243 nullas
635 1190 746 1264 partes
762 1182 876 1243 habet.
892 1179 988 1262 Quod
1001 1179 1027 1240 si
1042 1176 1235 1260 hujusmodi

145 1265 302 1348 paroecia
315 1283 407 1343 vere,
421 1284 462 1327 ex
475 1264 657 1346 diplomate
671 1263 853 1346 pontificio,
864 1261 1025 1342 Regulari
1038 1263 1235 1322 conteratur

144 1349 178 1411 iri
205 1347 343 1426 titutum,
371 1349 398 1412 is
426 1356 606 1430 separatur
632 1347 884 1424 arnonasterio,
910 1352 1023 1426 atque,
1044 1365 1064 1404 a
1086 1343 1235 1405 Praelati

139 1431 311 1512 ¹regularis
328 1439 502 1510 exemptus
519 1437 698 1511 potestate,
716 1429 804 1510 quod
820 1431 862 1492 acl
878 1436 1058 1507 utrumque
1077 1425 1185 1488 iorum
1201 1427 1235 1486 in

146 1515 307 1576 ditionem
338 1514 461 1574 transit
495 1514 665 1594 Episcopi,
701 1513 854 1592 bonaque
891 1511 1034 1590 acquirit
1068 1529 1134 1570 non
1163 1526 1234 1589 Jam
1281 1577 1283 1582 ,

147 1595 354 1659 monasterio
378 1597 436 1657 sed
463 1596 624 1658 ecclesiae
648 1616 740 1660 suae.
760 1595 828 1658 Cir.
847 1595 986 1671 Suarez,
1003 1593 1052 1654 Dr
1073 1589 1233 1674 religione,

149 1688 192 1742 tr.
214 1684 245 1756 8,
264 1682 285 1740 l.
304 1699 333 1756 3,
352 1697 382 1741 c.
403 1700 450 1756 19,
467 1698 500 1739 n.
519 1701 569 1757 29.
1060 1679 1063 1688 '

188 1763 390 1839 Plerumque
417 1767 530 1822 autem
554 1761 687 1822 titulum
711 1779 778 1820 non
794 1758 922 1820 obtinet
946 1757 1007 1819 nisi
1030 1755 1232 1838 precarium,

148 1845 195 1907 ita
207 1853 244 1905 ut
258 1863 299 1904 ne
312 1843 344 1904 in
359 1850 489 1904 certum
505 1844 638 1924 quidem
652 1851 784 1924 tempus
797 1861 952 1904 securam
966 1840 1090 1902 habeat
1102 1858 1234 1922 posses·

148 1927 287 1990 sionem.
306 1926 380 2008 Quo
391 1925 468 2006 jure
481 1933 623 1989 utuntur
640 1927 740 1987 etiam
753 1924 905 1986 canonici
919 1925 1234 1985 Praemonstraten·

147 2029 213 2072 ses.
243 2008 312 2071 Cir.
340 2007 460 2086 Bouix,
489 2017 513 2070 t.
532 2031 562 2087 2,
591 2028 623 2090 p.
651 2031 702 2089 49,
731 2030 762 2087 3.
786 2009 1015 2088 Itaquehunc
1039 2011 1171 2066 tantum
1201 2005 1234 2066 in

150 2091 366 2173 sequentibus
385 2095 663 2173 contemplamur.

192 2177 280 2241 500.
305 2175 480 2237 Parochus
497 2175 537 2236 de
554 2194 619 2254 quo
635 2173 788 2254 agimus:
816 2195 843 2236 1.
861 2171 912 2234 Ab
935 2170 1059 2233 Ordine
1083 2189 1144 2232 suo
1167 2188 1234 2232 non

149 2265 200 2320 est
224 2265 402 2339 separatus
425 2276 486 2318 nec
502 2256 603 2318 etiam
627 2255 850 2318 secularirato
873 2255 915 2316 ad
939 2262 1069 2334 tempus
1092 2253 1234 2316 assimu-

149 2340 212 2403 lari
228 2347 350 2422 potest.
642 2353 655 2358 ··
807 2353 823 2358 ·’

191 2446 220 2486 2.
239 2423 290 2485 Ad
305 2421 481 2485 arbitrium
494 2429 563 2484 tarn
578 2421 736 2504 Episcopi
753 2441 852 2502 quam
866 2417 1056 2502 Superioris
1071 2421 1234 2502 regularis

149 2505 258 2568 officio
280 2526 341 2568 suo
364 2505 490 2588 privari
513 2513 643 2587 potest:
661 2523 768 2585 neque
792 2505 878 2566 alter
896 2505 1074 2567 Praelatus
1090 2509 1235 2569 alterum

149 2588 263 2652 audire
280 2589 390 2652 debet.
418 2589 604 2652 Monendus
632 2595 744 2650 tamen
771 2586 836 2648 erit
852 2586 1041 2669 Episcopus
1066 2595 1103 2650 ut
1129 2589 1235 2670 possit

151 2681 283 2734 mature
299 2672 476 2754 providere
492 2671 689 2755 paroeciae.-

162 2759 166 2763 ’
192 2778 222 2834 3.
239 2756 422 2836 Utriusque
440 2755 629 2836 Superioris
646 2754 819 2836 superitur
831 2751 1116 2834 jurisdictionem3
1134 2752 1181 2815 ita
1198 2759 1236 2814 ut

150 2839 182 2899 in
204 2837 256 2897 his
273 2857 358 2916 quae
374 2845 529 2919 spectant
555 2839 597 2899 acl
620 2856 736 2898 curam
753 2837 940 2899 animarum
956 2835 1091 2900 obedire
1116 2836 1236 2898 debeat

152 2919 319 2999 Episcopo
336 2921 359 2995 ²,
378 2920 473 3000 cujus
489 2920 521 2980 in
538 2922 601 2981 hac
626 2939 662 2981 re
679 2926 730 2980 est
746 2921 945 3002 praevalens
957 2920 1023 3000 jus,
1043 2921 1075 2982 in
1101 2922 1233 2997 ceteris

151 3001 263 3077 immo,
281 3001 368 3080 quocl
385 3002 426 3061 ad
442 3021 537 3063 suam
554 3002 742 3080 regularem
759 3000 1052 3064 conversationem
1066 3010 1099 3065 et
1113 3022 1235 3064 munus

152 3082 184 3144 in
201 3084 410 3159 universum,
429 3082 600 3163 Superiori
623 3103 684 3144 suo
709 3085 866 3163 regulari,
885 3083 940 3163 qui
965 3092 1142 3165 praeterea
1157 3087 1235 3147 reti-

152 3174 209 3227 net
224 3165 257 3226 in
274 3165 382 3246 ipsum
397 3185 493 3227 suam
510 3165 751 3227 dominativam
767 3172 980 3247 potestatem.
999 3167 1112 3249 Quare
1128 3186 1235 3246 neque

151 3249 178 3310 is
194 3248 427 3330 prohibebitur
449 3247 619 3310 subditum
642 3249 674 3310 in
699 3249 771 3328 ipsa
787 3249 976 3310 animarum
993 3268 1075 3311 cura
1091 3250 1235 3330 dirigere

151 3351 190 3394 ac
204 3331 385 3412 corrigere,
404 3333 499 3392 salva
514 3331 546 3394 in
563 3331 615 3392 his
632 3332 761 3411 potiore
777 3329 934 3413 Episcopi
950 3331 1166 3395 auctoritate.

192 3439 221 3497 4.
240 3416 292 3477 De
311 3412 530 3495 soroirrterrro,
555 3416 687 3475 seclusa
713 3414 849 3495 speciali
876 3413 1051 3476 sanctione
1078 3415 1131 3476 vel
1158 3435 1234 3492 usu,

152 3498 328 3560 dicendum
341 3496 474 3560 videtur
490 3498 675 3578 parochum
699 3495 799 3558 istum
815 3497 945 3559 absolvi
964 3497 1196 3577 jurisdictione
1217 3518 1237 3558 a

151 3582 308 3644 Praelato
326 3601 387 3642 suo
414 3580 538 3641 diserte
554 3582 608 3642 vel
633 3579 735 3640 tacite
753 3580 918 3660 delegata.
944 3580 1056 3661 Quare
1072 3581 1236 3642 obnoxius

153 3672 204 3725 est
220 3663 353 3726 casibus
370 3662 403 3724 in
419 3662 544 3725 Ordine
558 3662 717 3724 reservatis
733 3683 801 3725 non
817 3669 930 3724 autem
951 3663 984 3724 in
1001 3663 1155 3740 dioecesi,
1173 3663 1237 3726 nisi

141 3755 306 3828 ,spectent
332 3748 374 3808 ad
402 3766 442 3808 ea
468 3748 500 3808 in
528 3744 648 3825 quibus
673 3746 844 3828 Episcopo
859 3746 1093 3827 obtemperare
1125 3746 1235 3810 debet.

153 3831 186 3891 Is
202 3831 290 3893 enim
318 3849 377 3912 per
404 3849 441 3890 se
465 3829 647 3891 reservatis
673 3830 790 3910 poenis
817 3839 999 3912 praecepta
1022 3849 1084 3892 sua
1107 3830 1237 3892 munire

153 3913 254 3975 valet.

196 4012 226 4072 5.
239 3997 304 4057 Per
317 4015 352 4056 se
364 3997 514 4077 parocho
530 3994 677 4078 regulari
690 3995 723 4056 in
734 3996 851 4057 socium
864 3995 1074 4078 deputandus
1087 4002 1139 4059 est
1152 3995 1239 4058 alter

155 4085 274 4138 saltem
287 4078 475 4160 religiosus,
493 4077 555 4140 nisi
572 4079 637 4142 alia
654 4079 863 4142 consuetudo
879 4077 1025 4160 legitime
1043 4079 1235 4142 invaluerit.

185 4331 493 4391 1Reiffenstuel,l.c.n.
507 4346 529 4386 6.
542 4354 565 4395 7.

188 4396 199 4429 2
210 4393 448 4441 Haecaccuratius
456 4395 622 4459 definiuntur
631 4395 659 4444 in
668 4397 699 4444 C.
709 4396 733 4443 F
736 4395 951 4455 irmindis,6nov.
961 4414 1025 4456 1744,
1036 4398 1177 4448 Benedicti
1185 4411 1239 4447 xiv.

156 4453 213 4501 Clr.
227 4459 403 4499 monumenta
423 4459 488 4500 tomi
505 4473 526 4503 2.

1317 621 1348 668 Si
1357 621 1434 666 minus

1286 677 1363 738 ptrue:

1317 1105 1348 1150 Si
1357 1101 1425 1162 plani

1288 1161 1409 1209 secularis.

1318 2072 1429 2128 Regimen

1286 2131 1386 2190 parochi
1414 2143 1447 2175 re·

1287 2187 1389 2247 griluris.

1319 2271 1378 2329 Ejus
1394 2283 1448 2318 cori-

1289 2327 1352 2376 dicio
1385 2342 1450 2387 regu-

1289 2385 1359 2442 laris,

1318 2470 1424 2517 Remotio

1289 2528 1319 2576 at
1328 2527 1410 2588 officio,

1304 2765 1448 2824 Superiores,

1312 3437 1443 3508 ..Conflata-

1291 3511 1335 3556 ru,

1322 4000 1415 4048 Setius.
