3138 5014
148 504 244 586 [516]
339 526 375 562 nii
391 525 483 561 sacius
499 524 670 588 uiuisrsaiis
684 525 720 560 ax
735 523 897 560 sornsrara
910 523 1058 560 nmsuira
1175 500 1235 564 393

187 683 218 740 3.
231 657 470 742 Adprobationr's
480 659 643 723 revocatio.
652 658 813 722 Bifariam
825 665 1006 722 revocatur
1015 659 1231 741 approbatio:
1302 680 1437 744 ,Arpinia-

139 742 264 824 proprie
275 747 304 804 et
315 741 440 812 directe,
456 761 517 825 per
531 741 786 824 suspensionem
813 741 1021 830 confessarii,
1042 740 1189 805 indirecte
1205 747 1234 803 ef
1288 739 1361 805 ‘²⁰th
1386 755 1448 790 revo-

146 826 248 890 minus
298 824 392 907 opric,
407 825 552 888 eundem
566 824 760 888 revocando
775 824 818 888 ad
834 843 986 889 examen.
1287 795 1445 860 ‘amma'

140 919 143 925 '
187 910 231 972 A.
279 907 523 990 eSus'pensi'onc.

187 993 222 1069 a)
245 989 386 1053 Directa
412 990 586 1052 revocatio
608 991 662 1052 vel
680 987 925 1071 jurisdictionis
948 990 1125 1072 suspensio
1148 988 1231 1052 licite
1308 989 1445 1057 §assensa-

146 1072 217 1136 fieri
233 1092 301 1135 non
313 1078 424 1155 potest
436 1073 507 1136 sine
519 1073 613 1155 justa
629 1091 733 1134 causa
744 1071 787 1135 ad
800 1071 1028 1136 confessiones
1041 1079 1227 1154 spectante,
1284 1054 1397 1157 mm

146 1154 253 1235 qualis
275 1154 362 1218 foret
388 1154 531 1218 mutatio
545 1174 688 1230 morum,
709 1153 837 1236 judicii,
861 1154 999 1217 violatio
1021 1154 1132 1236 sigilli,
1161 1161 1230 1218 etc.

187 1236 334 1302 Causam
351 1237 452 1301 istam
476 1257 543 1300 non
566 1237 665 1300 debet
680 1236 868 1319 Episcopus
889 1237 1105 1300 manifestare
1119 1237 1231 1318 Regu·

145 1318 283 1398 laribus,
299 1319 383 1383 bene
396 1339 478 1383 vero
490 1320 526 1384 S.
539 1320 617 1383 Sedi
629 1319 657 1382 si
668 1319 909 1399 interrogetur.
922 1319 960 1382 ln
972 1319 1073 1383 dubio
1089 1319 1129 1382 de
1138 1320 1231 1397 justa

145 1422 260 1481 causa,
287 1402 568 1484 praesumendum
595 1421 669 1466 esse
696 1420 756 1483 pro
785 1403 956 1478 Praelato‚
988 1403 1092 1465 tradit
1123 1402 1162 1465 C.
1189 1404 1231 1465 de

144 1484 254 1566 Lugo,
266 1484 521 1564 Depaenuena'a,
537 1485 568 1548 d.
580 1506 629 1560 21,
641 1505 674 1546 n.
689 1489 740 1565 67.
753 1484 924 1568 Jamvero,
943 1504 1019 1547 cum
1031 1486 1231 1567 approbatio
1270 1565 1273 1569 .

145 1567 337 1647 requiratur
348 1567 391 1629 ad
404 1567 512 1649 ipsum
524 1567 674 1630 valorem
688 1566 926 1637 Confessionis,
941 1587 1106 1649 nusquam
1119 1574 1231 1630 autem
1293 1646 1295 1650 ,

144 1647 333 1711 infirmetur
358 1649 484 1722 iniusta
514 1650 587 1732 ejus
615 1649 800 1726 revocatio,
828 1649 912 1712 haec
938 1669 1069 1732 semper
1098 1650 1232 1713 videtur

145 1731 281 1823 efficax,
299 1730 351 1825 lta
372 1731 475 1840 lilelot
492 1753 525 1796 n.
542 1752 615 1814 347.
632 1749 710 1812 3503
731 1738 765 1794 et
780 1731 895 1794 favent
911 1732 1126 1815 responsas.
1145 1732 1232 1795 Con·

147 1820 438 1978 grleifiltbbnpbbtest
453 1895 640 1978 Episcopus
659 1892 752 1974 licite,
777 1895 967 1958 inconsulta
990 1896 1025 1958 S.
1050 1896 1147 1975 Sede,
1164 1917 1231 1958 siis·
1303 1909 1445 1982 ,nesapiu-

138 1977 270 2058 pendere
305 1998 326 2040 a
360 1977 626 2040 confessionibus
655 1978 829 2041 audiendis
859 1979 957 2041 simul
985 1993 1107 2042 omnes
1132 1980 1231 2041 unius
1284 1980 1350 2015 ”W
1360 1972 1438 2071 ‘⁰12⁴‘-

144 2059 264 2144 domus
279 2061 477 2141 Regulares.
491 2059 530 2125 C.
545 2061 683 2141 Saperna
698 2068 732 2122 et
748 2061 895 2123 Decreta
911 2061 947 2124 S.
961 2061 1000 2123 C.
1017 2062 1090 2124 EE.
1108 2067 1141 2123 et
1156 2061 1230 2124 RR.
1284 2037 1400 2130 ppsamum
1411 2039 1427 2072 a

144 2147 183 2206 -28
209 2161 287 2207 nov.
318 2163 395 2224 1732
421 2143 585 2222 (Bizzarri
600 2164 629 2226 p.
651 2147 708 2223 351
725 2143 814 2224 sqq.)
829 2143 853 2205 ².
870 2143 907 2205 Id
921 2149 1034 2206 tamen
1055 2143 1231 2226 Episcopis

143 2225 270 2303 Indiae,
288 2224 389 2287 Brevi
405 2225 485 2288 Cum
507 2225 585 2287 sicut
606 2224 775 2306 accepimus
794 2224 943 2307 permisit
965 2225 1181 2288 Innocentius
1195 2242 1228 2303 x,

145 2307 187 2368 ob
203 2327 360 2388 magnam
375 2327 442 2388 qua
457 2309 500 2370 ab
516 2307 609 2372 Urbe
624 2313 825 2390 separantur
841 2306 1047 2370 distantiam.

185 2391 216 2468 c)
244 2390 305 2472 Jus
340 2390 514 2452 auferendi
542 2389 818 2473 approbationem
849 2389 1054 2453 confessario
1083 2390 1229 2470 regulari
1311 2385 1436 2453 Jusaup-

143 2473 330 2554 approbato
346 2470 388 2533 ad
407 2471 633 2554 beneplacitum,
652 2472 706 2535 vel
722 2471 862 2535 eandem
879 2473 1015 2535 tollendi
1030 2476 1100 2534 aare
1115 2477 1230 2554 tempus
1282 2442 1448 2554 iiiissn‘ssfss,

141 2553 262 2616 litteris
277 2555 463 2632 definitum,
488 2561 539 2618 est
553 2554 712 2639 Episcopi
720 2553 776 2636 jus
784 2555 954 2636 personale,
971 2555 1059 2636 quod
1079 2556 1229 2617 exerceri
1283 2559 1374 2628 rodiam
1386 2577 1424 2630 nf-

141 2637 292 2729 nequita
312 2637 435 2702 vicario
457 2636 647 2782 capitulari.
672 2637 743 2702 cir.
767 2657 856 2720 resp.
881 2638 917 2702 s.
941 2638 979 2701 c.
1002 2639 1075 2701 aa.
1098 2644 1132 2700 et
1154 2638 1227 2701 im.
1282 2620 1446 2736 35;',g„l,;533

144 2721 503 2882 i.
516 2802 699 2866 i

182 2846 295 2974 anui
322 2885 499 2965 approbati
522 2825 647 2947 fuerinf
667 2808 732 2946 elie
757 2821 907 2962 examini,
931 2850 1072 2967 possiint
1098 2905 1230 2968 semper
1283 2830 1443 2970 indirectam·

142 2967 283 3044 astringi
299 2964 451 3027 faciendo
467 2966 617 3046 periculo
643 2967 666 3028 ³.
694 2967 837 3030 Perinde
859 2968 1036 3030 dicendum
1060 2976 1112 3030 est
1134 2969 1174 3031 de
1190 2969 1229 3030 iis
1301 2958 1442 3024 Eorumque

142 3044 198 3124 qui
213 3043 246 3107 in
262 3052 394 3128 tempus
406 3054 485 3108 sunt
501 3047 689 3129 approbati,
703 3048 878 3110 adveniente
893 3050 956 3126 die,
973 3052 1026 3111 vel
1038 3050 1093 3129 qui
1109 3070 1229 3132 appro-
1282 3027 1444 3121 mm.

141 3127 211 3189 bati
234 3126 627 3210 marcionoplim,
655 3136 821 3211 quatenus
847 3150 910 3192 suo
937 3131 1147 3212 beneplacito
1167 3132 1230 3213 ipse
1284 3131 1381 3190 iurjus;

142 3211 261 3272 saltem
275 3209 445 3294 Episcopus
462 3212 597 3275 modum
615 3212 786 3294 imponere
801 3219 925 3295 potest.

182 3304 216 3383 b)
231 3305 417 3389 Approbati
432 3326 515 3369 vero
531 3310 601 3388 post
624 3327 749 3369 examen
773 3309 964 3370 nullatenus
984 3314 1124 3390 possunt
1147 3307 1229 3371 obli·
1304 3324 1446 3382 Eorumqui

141 3388 214 3468 gari
240 3410 260 3451 a
292 3389 415 3453 Vicario
439 3388 606 3470 capitulari
626 3390 668 3452 ad
694 3390 878 3472 periculum
902 3389 1090 3454 iaciendum
1112 3391 1124 3426 ⁴
1150 3397 1230 3453 ante
1280 3385 1436 3485 pospixamia

142 3469 228 3532 diem
251 3471 293 3534 ad
313 3491 413 3551 quain
428 3472 626 3554 approbatio
642 3481 694 3536 est
707 3492 880 3536 concessa.
897 3474 1011 3553 Neque
1025 3473 1089 3554 ipse
1102 3473 1230 3555 Episco-
1283 3442 1419 3544 iiiam

134 3556 195 3632 pus
222 3554 255 3616 id
283 3560 395 3636 potest
417 3555 473 3634 qui
489 3557 545 3635 per
570 3577 601 3616 se
631 3555 881 3638 approbaverit,
913 3555 976 3618 nisi
1006 3575 1110 3617 causa
1135 3556 1229 3639 justa

140 3632 368 3699 intercesserit
385 3637 538 3712 attinens
561 3638 603 3700 ad
626 3637 864 3709 confessiones.
879 3638 910 3699 fs
936 3646 1062 3715 tamen,
1080 3639 1123 3700 ad
1146 3658 1228 3700 suae

141 3717 367 3782 conscientiae
397 3721 554 3801 quietem,
586 3739 746 3784 revocare
782 3726 894 3803 potest
922 3740 1006 3801 quos
1036 3721 1231 3803 probaverit

170 3979 177 4012 1
190 3977 231 4024 De
241 3975 337 4024 eodem
348 3979 507 4038 argumento
525 3973 574 4023 clr.
592 3975 623 4023 C.
636 3973 670 4021 de
682 3974 769 4040 Lupo.
786 3974 825 4039 Β(
838 3975 934 4038 Paruit.
952 3973 978 4022 d.
993 3991 1030 4030 ιι,
1043 3986 1069 4019 n.
1081 3980 1122 4038 oi:
1138 3972 1164 4021 S.
1186 3974 1228 4021 Al·

140 4031 285 4092 plionsiim,
294 4035 312 4082 l.
322 4042 345 4090 6,
357 4048 385 4083 ιι.
397 4033 528 4090 551;Piat‚
541 4046 571 4085 ii.
581 4047 607 4093 p.
620 4047 670 4090 179.
683 4029 731 4080 ubi
743 4037 840 4080 retexit
849 4045 969 4091 priorem
977 4037 1140 4080 sententiam
1149 4045 1232 4090 quam

141 4095 321 4196 proposuerat
331 4091 360 4140 in
371 4092 495 4151 Meleager
506 4091 637 4150 the'ologs
650 4109 671 4145 4.
706 4127 711 4137 .
771 4125 775 4137 .

169 4150 179 4184 ²
202 4146 248 4194 ‘fr
260 4149 343 4197 etiam
354 4163 425 4210 resp.
439 4151 466 4198 S.
479 4150 510 4198 C.
524 4149 582 4196 EE.
595 4155 622 4195 et
633 4103 784 4195 RRfsiib.
799 4154 862 4206 1896.
875 4148 996 4195 Moaiion
1007 4160 1043 4200 ix.
1056 4163 1079 4198 2.
1087 4159 1118 4253 p.
1135 4163 1172 4202 49-

56 4285 58 4288 ·
139 4261 192 4310 nisi
204 4275 236 4309 ve
256 4271 389 4310 ementem
397 4263 523 4313 dederint
537 4276 722 4322 suspicionem
738 4262 898 4322 imperitiae.
913 4263 940 4312 S.
958 4263 990 4311 C.
1003 4262 1034 4310 C.
1049 4215 1229 4321 15ja1etxsz1b?

140 4321 206 4368 Ben.
219 4333 274 4376 xiv,
285 4320 369 4368 instit.
381 4335 466 4370 canon.
479 4340 502 4381 9,
514 4336 540 4369 n.
554 4330 593 4377 16;
607 4321 637 4370 C.
651 4320 815 4369 d'Annibale
825 4333 865 4375 ιιι,
878 4329 928 4379 319,
941 4327 1006 4368 nota
1019 4328 1054 4370 13.

168 4377 243 4426 ⁴Cit.
257 4377 333 4446 instr.
349 4386 413 4434 1806,
431 4379 563 4435 Bizzarri‚
579 4393 606 4437 p.
622 4385 663 4435 45¹
675 4391 733 4438 sqq.
749 4380 836 4443 Immo
847 4377 954 4444 etiamsi
969 4374 1132 4441 approbatio
1146 4374 1228 4424 fuerit

139 4434 438 4553 biissfgagibiiiffiic
453 4435 614 4484 facultatem
626 4437 652 4485 S.
666 4437 847 4498 congregatio
862 4434 1003 4496 abjudicat
1013 4451 1030 4484 a
1045 4433 1174 4494 capitulo
1186 4435 1228 4481 vel

169 4206 180 4242 3
195 4204 218 4252 li
250 4219 299 4252 uos
310 4206 464 4267 Episcopus
476 4205 625 4272 instituerit
634 4203 769 4271 parochos
779 4218 834 4252 non
845 4212 908 4252 sunt
919 4202 1085 4264 obligandis
