3142 5004
325 449 385 512 l'lss
608 471 675 507 enas
690 470 812 519 punam.
829 469 924 508 suerro
939 470 980 508 ιιι.
997 470 1087 507 carus
1101 471 1121 507 11

622 645 664 709 ΙΙ.
688 648 741 708 De
766 647 939 710 Clausura
962 646 1132 740 viro-rum·

141 847 272 900 Materiali
370 817 460 883 303.
491 817 517 879 Ι.
549 817 646 900 Quod
677 818 718 881 ad
749 819 938 881 clausurae
965 819 1133 896 spatium,
1168 840 1195 881 1.
1228 815 1413 881 Clausurae

111 910 222 979 clauum
237 905 272 968 ns-
327 901 418 980 leges
440 900 605 982 positivae
621 900 773 963 afficiunt
785 910 916 964 tantum
934 907 1109 963 conventam
1125 899 1259 983 proprie
1275 899 1411 962 dictum.

107 967 192 1074 {222}
214 980 271 1086 222·
369 984 532 1045 Immunls
549 983 662 1065 itaque
677 992 747 1046 est:
761 987 796 1062 a)
807 985 978 1047 Conventus
994 982 1129 1045 nondum
1144 990 1349 1048 exstructus.
1363 980 1412 1043 Ad

108 1083 255 1146 praticae
329 1065 545 1148 Superiorem
573 1075 702 1150 spectat
730 1065 868 1129 definire
891 1067 1061 1148 quodnam
1081 1067 1135 1146 sit,
1153 1065 1328 1130 aedificato
1344 1082 1413 1126 mo·

329 1149 491 1226 nasleri0,
509 1149 640 1212 initium
658 1149 884 1230 obligationis.

371 1232 404 1309 b)
422 1232 550 1294 Domus
575 1232 689 1313 inqua
712 1231 907 1313 temporalem
929 1232 1028 1294 sedem
1045 1231 1251 1296 constituere
1268 1228 1412 1312 religiosi

329 1315 397 1376 suis
424 1315 561 1377 aedibus
584 1316 681 1399 pulsi,
707 1317 771 1377 etsi
795 1317 940 1397 speciem
964 1317 1131 1397 quandam
1156 1315 1280 1381 habeat
1296 1315 1413 1376 domus

325 1397 516 1478 religiosae.
1086 1423 1088 1428 ·

371 1483 401 1558 c)
417 1480 548 1542 Domus
563 1479 678 1542 rustica
690 1481 732 1542 ad
748 1501 848 1562 quam
861 1480 1001 1544 subinde
1013 1501 1048 1545 se
1063 1479 1240 1544 conterunt
1253 1477 1412 1560 religiosi,

330 1563 503 1626 relaxandi
519 1563 623 1626 animi
639 1564 764 1644 gratia.
782 1563 951 1641 Palmieri,
970 1568 991 1626 l.
1010 1585 1040 1628 c.
1247 1575 1250 1584 '

115 1670 163 1719 Per
173 1673 271 1717 servius.
371 1666 401 1709 2.
420 1645 484 1708 Sed
495 1649 551 1726 per
564 1665 595 1706 se
610 1649 787 1709 clausurae
802 1647 984 1710 obnoxium
1000 1656 1052 1710 est
1067 1653 1164 1711 toturn
1177 1645 1310 1728 spatium
1326 1643 1414 1708 intra

330 1735 425 1810 septa
441 1729 637 1791 monasterii
654 1731 946 1813 comprehensum,
964 1730 984 1793 i.
1005 1751 1035 1795 e.
1053 1730 1164 1794 omnia
1180 1735 1256 1793 loca
1270 1729 1312 1790 ad
1329 1747 1415 1808 quae

325 1811 440 1873 aditus
457 1819 592 1873 nonest
614 1812 677 1874 nisi
700 1818 760 1894 pe'r
771 1812 910 1894 januam
927 1831 993 1892 qua
1010 1820 1126 1896 patent
1149 1812 1312 1880 interiora
1336 1831 1414 1874 con·

329 1901 463 1958 ventus
496 1894 592 1958 Unde
617 1895 659 1956 ad
686 1897 878 1957 clausuram
905 1898 1072 1958 necessario
1099 1897 1266 1980 pertinent
1298 1896 1412 1972 cellae,

325 1975 495 2055 officinae,
520 1978 815 2055 valetudinarium,
844 1979 999 2058 coquina,
1027 1987 1106 2058 ete,
1135 1977 1237 2056 horti,
1256 1976 1416 2039 viridaria

330 2059 503 2138 continua,
529 2080 588 2123 seu
614 2079 699 2142 quae
724 2082 743 2122 a
771 2070 941 2123 conventu
964 2083 1031 2125 non
1048 2069 1127 2124 sunt
1144 2061 1231 2123 clavi
1258 2065 1291 2122 e't
1318 2077 1414 2122 muro

330 2150 500 2224 separata.

371 2227 550 2288 Attamen:
569 2227 601 2304 a)
618 2225 769 2294 Ecclesia,
788 2224 907 2304 choras,
925 2232 958 2287 et
974 2226 1165 2306 aliquando,
1183 2234 1220 2288 ut
1236 2223 1413 2288 verisimile

331 2323 393 2385 est,
410 2307 552 2371 sacristia
570 2312 603 2387 (i.
621 2330 651 2374 e.
669 2311 802 2390 quando
825 2311 867 2371 ab
891 2311 963 2390 ipsa
985 2311 1140 2373 Ecclesia
1163 2309 1204 2371 ad
1220 2329 1294 2372 eam
1308 2307 1414 2369 inime-

331 2391 434 2453 diatus
447 2399 498 2452 est
513 2396 696 2471 accessus),
710 2393 743 2454 in
759 2391 884 2469 odiosis,
899 2403 1082 2454 censentur
1097 2399 1195 2454 extra
1208 2393 1413 2468 clausuram,

332 2493 398 2536 non
415 2483 526 2534 autem
541 2472 575 2534 in
591 2472 829 2554 favorabilibus
847 2475 960 2557 Quare
983 2477 1025 2540 ad
1041 2477 1125 2538 baec
1141 2478 1212 2538 sine
1230 2473 1364 2537 licentia
1379 2493 1415 2536 se

332 2556 486 2618 conterre
501 2565 644 2637 possunt
659 2558 857 2638 Regulares.

373 2639 406 2716 b)
422 2639 476 2699 Ex
498 2639 720 2718 consuetudine,
745 2641 874 2704 admitti
898 2649 1052 2724 possunt,
1076 2661 1179 2724 penes
1197 2640 1338 2722 januam
1355 2659 1415 2722 pu-

331 2721 469 2798 blicam,
481 2720 635 2784 cubicula
657 2726 699 2784 ad
722 2725 989 2804 colloquendum,
1007 2727 1040 2789 in
1053 2744 1139 2804 quae
1155 2724 1255 2787 etiam
1272 2723 1413 2785 feminae

332 2803 566 2879 admittantur,
592 2806 690 2868 modo
707 2807 774 2884 sint
797 2818 956 2890 separata
978 2808 1021 2869 ab
1038 2809 1198 2870 interiore
1217 2815 1311 2889 parte
1334 2823 1411 2865 con·

331 2893 465 3032 p'entuS,
493 2906 554 2948 nec
581 2888 623 2951 ad
649 2907 689 2949 ea
717 2888 880 2970 religiosis
907 2890 949 2952 sit
980 2891 1064 2953 liber
1090 2891 1213 2954 aditus.
1244 2887 1410 2964 Palmieri,

346 2988 401 3034 .c.
443 2990 519 3049 ‚94.

149 3073 277 3138 Quaeafi.
331 3071 335 3081 ·
372 3073 403 3131 3.
419 2988 594 3135 pSuperior
609 3053 825 3135 provincialis
849 3056 1010 3118 terminos
1035 3057 1213 3118 clausurae
1230 3053 1415 3119 secundum
1454 3046 1460 3058 ’

118 3139 181 3184 nno
198 3137 278 3202 speciei
332 3133 466 3197 Ordinis
493 3138 753 3200 consuetudines
780 3148 813 3201 et
839 3139 904 3201 loci
931 3140 1116 3220 exigentias
1144 3137 1281 3201 delinire
1305 3137 1414 3201 debet.

117 3193 277 3301 ffffiww'
332 3219 407 3280 Non
431 3226 541 3300 potest
565 3226 678 3283 tamen
701 3223 775 3284 loca
799 3241 885 3302 quae
903 3222 960 3304 jus
976 3225 1048 3284 vult
1071 3224 1229 3284 clausura
1250 3219 1416 3283 contineri

332 3302 396 3363 hac
414 3302 558 3364 eximere
574 3305 659 3384 lege.

146 3407 184 3454 De
194 3406 277 3467 proat-
374 3386 462 3450 304.
476 3385 519 3448 Il.
533 3385 584 3448 De
597 3387 709 3467 priore
722 3387 899 3452 clausurae
911 3388 995 3468 lege,
1007 3407 1072 3468 qua
1085 3393 1222 3452 vetatur
1235 3403 1412 3465 egressus,

118 3466 276 3524 ettotgressu.
331 3467 415 3530 haec
432 3475 510 3529 sunt
526 3468 751 3534 observanda.
847 3481 849 3486 “
1345 3505 1347 3510 -

132 3588 279 3654 Qum-,nm
377 3573 404 3614 1.
436 3551 555 3612 Plures
584 3548 731 3613 canones
763 3554 914 3636 corporis
941 3553 1027 3635 juris
1057 3552 1265 3615 invehuntur
1294 3555 1415 3610 contra

117 3653 266 3701 silvanum.
332 3634 517 3695 monachos
540 3641 705 3714 'vagantes
732 3646 828 3699 extra
853 3641 1002 3700 claustra
1020 3637 1049 3714 Ι;
1073 3645 1107 3698 et
1125 3636 1163 3698 C.
1180 3631 1415 3717 Tridentinum

333 3735 362 3778 c.
380 3735 410 3796 5,
429 3735 461 3779 s;
474 3735 524 3795 25,
544 3715 590 3777 De
612 3716 830 3798 Regularibns,
848 3724 921 3782 vult
944 3729 981 3781 ut
996 3720 1017 3782 ii
1039 3721 1140 3782 etlam
1156 3716 1211 3798 qui
1227 3715 1415 3779 studiorum

333 3818 436 3943 capusa
459 3801 582 3860 adeant
606 3799 855 3865 Universitates
871 3823 938 3866 non
955 3803 1109 3866 habitent
1124 3802 1187 3864 nisi
1209 3800 1243 3862 in
1262 3799 1416 3862 Conven-

331 3881 433 3943 tius.
1281 3882 1288 3894 ”

374 3963 590 4038 Accuratius‚
614 3965 751 4029 decreto
774 3987 836 4030 suo
857 3967 974 4032 ltlnllns
1000 3968 1135 4046 oniaino,
1162 3965 1179 4049 ξ
1209 3973 1314 4044 18-21‚
1343 3963 1417 4026 Cle-

333 4066 427 4118 mens
443 4063 505 4114 vl11
530 4046 689 4131 imposuit
712 4050 904 4132 diligentem
924 4052 1042 4114 'anuae
1059 4051 1260 4129 custodiam,
1278 4058 1311 4112 et
1327 4048 1417 4110 hunc

333 4136 467 4192 tantum
483 4131 635 4213 permisit
652 4151 827 4214 egressum
843 4136 899 4216 qui
914 4072 1008 4198 lieret
1024 4135 1067 4196 ob
1079 4134 1207 4215 justam
1223 4151 1359 4208 calisam,
1377 4149 1418 4190 ex

360 4338 410 4386 ¹C.
422 4340 514 4404 Juxta,
529 4357 565 4394 11,
578 4341 609 4387 C.
622 4351 677 4395 xvi,
694 4353 721 4398 q.
740 4353 765 4396 1;
784 4346 810 4386 et
827 4339 922 4403 seui
940 4354 1011 4397 vere,
1031 4359 1066 4395 12,
1083 4339 1159 4396 eod.;
1178 4354 1201 4387 c.
1220 4339 1365 4400 Quanto‚7
1381 4333 1418 4379 D‘

330 4394 503 4515 pptpipgpdgicsis
515 4397 640 4446 ordinarii
655 4405 683 4454 (ι,
693 4405 717 4446 3ι
734 4409 741 4453 ;
759 4411 784 4447 c.
801 4397 883 4447 Nem
898 4411 972 4460 agro,
987 4416 1009 4457 ι,
1026 4400 1111 4448 Clem.
1128 4399 1239 4446 Dasium
1249 4393 1417 4442 monachorum
