3138 5014
343 397 403 459 291
463 448 517 484 ,Μ
702 417 769 452 rans
784 417 911 452 sarrinia.
930 418 1020 453 eninr
1036 418 1064 452 iv

340 556 502 640 intellecti
536 555 671 640 speciali
697 555 830 638 ratione
857 563 893 618 ut
921 575 982 637 pro
1005 557 1135 627 clericis
1164 557 1374 621 secularibus
1408 557 1433 620 ¹.

342 638 617 720 ltaqueo'rclinari
634 658 700 701 non
713 646 853 719 possunt
867 638 928 701 nisi
942 659 960 700 a
974 640 1033 702 tali
1045 639 1212 720 Episcopo
1227 641 1281 702 vel
1294 661 1334 702 ex
1347 639 1434 720 ejus·

343 723 410 783 dem
437 720 557 783 litteris
573 721 769 784 dimissoriis
795 725 838 783 ad
864 723 1007 783 alterum
1030 721 1235 802 Episcopum
1252 722 1388 785 directis
1403 725 1432 788 ².

157 893 182 937 D
342 803 569 949 Ejlupdemqp'e
585 802 648 866 erit
665 804 706 949 aCb
723 803 914 948 interstittiis
930 803 984 866 vel
1000 809 1112 948 aettate
1128 804 1335 886 dispensare.

183 899 286 938 eriw-
424 906 501 948 ures
544 906 641 948 amen
703 907 744 948 on
774 906 807 948 re
832 907 963 948 aiones
1010 906 1111 949 eiam
1142 906 1209 949 nori
1240 907 1333 950 exem
1360 893 1416 950 te

127 951 256 1036 itinerum.
343 907 1430 1053 obtinepiprtviiegiunicijusgdanilncirdi'nan'onlsinlnstituiuam]

344 1072 429 1132 quae
444 1051 616 1131 perficitur
629 1071 689 1133 per
700 1051 883 1135 simplicem
900 1051 1140 1132 professionem
1156 1053 1229 1134 ejus
1245 1053 1301 1133 qui
1316 1074 1336 1114 a
1353 1073 1431 1135 pro-

343 1135 416 1216 prio
431 1134 600 1216 Episcopo
615 1141 666 1195 est
679 1134 915 1196 excardinatus
931 1153 990 1196 seu
1003 1133 1036 1196 in
1053 1141 1251 1216 perpetuum
1268 1137 1431 1198 remissus

343 1217 384 1279 ad
396 1217 588 1297 generalem
600 1216 749 1280 Institiiti
762 1216 977 1298 Superiorem
991 1216 1014 1278 ³.
1029 1218 1060 1278 Is
1074 1222 1154 1278 tunc
1164 1217 1326 1298 Superior
1339 1219 1429 1281 ordi·

343 1299 472 1361 nandos
495 1301 648 1361 alumnos
671 1299 807 1362 dimittit
830 1299 869 1361 ad
887 1299 1089 1381 Episcopum
1113 1302 1308 1363 monasterii
1324 1300 1428 1380 sicut,

342 1402 383 1444 ex
404 1383 481 1463 jure
508 1382 675 1445 communi
702 1381 830 1443 faciunt
855 1382 1053 1460 Regulares‚
1079 1381 1126 1443 ita
1149 1389 1186 1446 ut
1202 1383 1268 1444 huc
1285 1385 1430 1446 transfe-

342 1466 447 1527 renda
463 1465 529 1542 sint
545 1464 635 1526 dicta
662 1485 694 1527 n.
712 1465 870 1543 480·482.
887 1465 938 1527 De
954 1463 987 1526 vi
1010 1463 1106 1527 istius
1129 1465 1427 1546 excardinationis,

343 1547 403 1628 cfr.
422 1547 523 1610 etiam
539 1549 648 1625 484,2.
1215 1593 1216 1596 ,

155 1655 286 1702 neironis
316 1641 344 1702 J
378 1643 413 1708 '3.
437 1631 486 1692 De
500 1628 611 1690 litteris
633 1628 896 1693 testimonialibus.
925 1631 1059 1694 Nullum
1086 1629 1140 1692 hic
1166 1631 1275 1693 solent
1302 1631 1429 1694 habere

127 1715 269 1779 iqsinnonn-
341 1711 551 1792 privilegium
581 1711 741 1774 Instituta
767 1718 924 1775 votorum
955 1712 1165 1792 simplicium,
1198 1720 1299 1793 atque
1329 1715 1429 1776 hodie

126 1771 194 1819 '¹⁶¹⁸'
254 1829 256 1833 ·
342 1794 377 1857 S.
403 1795 506 1858 Sedes
528 1795 623 1876 jussa
647 1795 686 1856 de
712 1794 834 1858 litteris
861 1795 1140 1857 testimonialibus
1158 1797 1254 1858 valde
1281 1805 1377 1876 urget
1401 1799 1425 1858 ⁴.

127 1855 276 1972 mpsim?
340 1877 432 1958 Opus
446 1877 557 1958 itaque
570 1885 621 1939 est
634 1885 671 1938 ut
683 1877 807 1939 alumni
821 1879 874 1940 isti
887 1877 1030 1940 afferant
1042 1877 1285 1940 testimoniales
1298 1879 1428 1941 litteras

341 1969 412 2022 tum
432 1960 590 2041 Episcopi
613 1960 750 2040 originis
767 1967 839 2022 tuin
855 1961 1002 2022 omnium
1019 1959 1216 2024 Antistitum
1233 1960 1426 2042 inquorum

340 2042 495 2118 dioecesi,
509 2050 637 2124 septem
652 2044 840 2121 jamannos
864 2044 934 2105 nati
956 2043 979 2120 ⁵,
998 2043 1039 2104 ad
1063 2048 1268 2104 momentum
1293 2044 1427 2106 ordina·

340 2125 440 2188 tionis
463 2125 661 2188 commorati
685 2126 751 2187 sint
777 2145 836 2208 per
863 2132 994 2207 tempus
1027 2126 1114 2206 quod
1140 2125 1313 2205 judicatur
1344 2128 1427 2189 satis

341 2209 488 2270 notabile
513 2217 550 2271 ut
583 2208 756 2271 moraliter
788 2207 959 2292 potuerint
992 2207 1192 2270 canonicum
1222 2210 1426 2272 contrahere

339 2293 625 2368 impedimentum.

380 2375 530 2454 Tempus
563 2373 651 2435 istud
675 2372 874 2435 delinitura
897 2373 1117 2455 scriptoribus
1147 2372 1189 2434 ad
1212 2392 1271 2434 sex
1294 2393 1426 2436 menses

339 2458 424 2535 (sive
454 2457 634 2518 continuos
665 2456 736 2516 sive
765 2457 985 2537 interruptos⁷
1017 2456 1059 2517 ob
1082 2455 1172 2517 dicta
1196 2456 1259 2519 168
1282 2465 1351 2517 not.
1379 2459 1420 2533 1);

338 2560 399 2623 pro
423 2538 552 2600 clericis
574 2557 656 2600 vero
673 2537 739 2617 qui,
757 2538 893 2600 militiae
909 2539 976 2600 sint
992 2538 1115 2600 addicti
1135 2537 1177 2599 ad
1193 2545 1260 2599 tres
1277 2557 1418 2614 menses,

338 2623 380 2683 ab
397 2622 469 2698 ipsa
486 2619 521 2682 S.
542 2619 824 2699 Congregatione
843 2644 861 2701 9
878 2628 962 2703 sept.
984 2627 1072 2700 1893,
1092 2626 1129 2683 26
1141 2621 1210 2703 jari.
1231 2625 1319 2698 1895.
1426 2624 1431 2627 ’

151 2725 183 2770 ln
194 2737 258 2782 quim
379 2703 530 2766 Litterae
547 2707 659 2763 autem
673 2700 757 2763 istae
774 2702 895 2765 debent
911 2723 983 2764 esse
1000 2704 1099 2765 datae
1114 2705 1156 2766 ad
1168 2701 1299 2764 ordines
1315 2702 1422 2764 susci-

122 2779 256 2887 §won-
337 2785 476 2867 piendos
496 2784 584 2846 etde
607 2784 768 2863 dignitate
792 2785 959 2848 candidati
982 2785 1125 2865 positive
1148 2786 1244 2848 fidem
1268 2776 1420 2853 facere'⁶.

321 2935 323 2938 ,
338 2870 450 2952 Quare
476 2885 542 2928 non
564 2865 646 2928 satis
663 2874 741 2929 sunt
764 2865 895 2931 litterae
919 2889 1100 2930 concessae
1117 2869 1158 2930 ad
1175 2867 1421 2950 suscipiendum

337 2951 500 3028 habitum,
518 2949 580 3011 nisi
593 2948 691 3012 simul
702 2950 857 3013 distincte
873 2959 1041 3013 testentur
1055 2951 1135 3013 nihil
1149 2951 1267 3012 obesse
1281 2952 1368 3032 quod
1381 2952 1423 3012 ad

365 3146 564 3194 ¹Domicilium
584 3145 655 3194 istud
675 3143 800 3204 requirit,
818 3149 924 3202 praeter
938 3143 1059 3202 juratum
1078 3142 1199 3190 animum
1217 3148 1350 3202 perpetuo
1367 3158 1422 3191 ma·

336 3205 427 3258 nendi.
439 3205 598 3252 continuam
609 3204 703 3250 decem
715 3215 848 3266 annorum
860 3201 1117 3266 commorationem,¹
1125 3203 1166 3248 vel
1179 3200 1303 3266 notabile
1316 3209 1423 3260 tempus

335 3263 514 3312 habitationis
535 3277 597 3310 cum
609 3261 750 3309 instructis
766 3258 881 3307 aedibus
890 3268 915 3306 et
926 3260 1058 3307 translata
1072 3261 1099 3305 in
1112 3259 1187 3305 illam
1207 3259 1356 3306 dioecesim
1369 3274 1422 3306 ma-

332 3320 531 3380 jorebonoriim
539 3327 625 3379 parte,
633 3319 684 3366 nisi
693 3316 974 3376 haecfuerintexigua.
986 3316 1094 3367 Lucidi.
1103 3317 1215 3363 DeVisit.
1226 3322 1244 3363 t.
1254 3334 1275 3372 1,
1284 3331 1307 3364 c.
1317 3336 1339 3372 2,
1347 3330 1373 3363 n.
1383 3325 1420 3371 87.

362 3383 373 3415 ‘3
393 3381 455 3426 Non
474 3393 552 3436 posse
570 3378 628 3424 sine
648 3376 779 3434 peculiari
802 3375 907 3422 indulto
926 3374 991 3439 dari·
1004 3373 1053 3421 has
1073 3375 1174 3420 litteras
1192 3387 1208 3420 a
1225 3373 1422 3432 Superioribus

335 3437 579 3540 Copebregationum
591 3433 788 3494 religiosarum,
806 3431 947 3491 respoudit
958 3441 1040 3480 etiam
1058 3445 1152 3479 recens
1164 3430 1190 3480 S.
1204 3432 1235 3480 C.
1250 3433 1301 3492 Ep.
1314 3441 1340 3480 et
1353 3433 1420 3492 Reg.

336 3514 361 3542 ia
384 3511 398 3540 e
423 3504 506 3552 4894.

361 3555 372 3589 3
383 3553 525 3600 Formulas
536 3551 584 3598 eir.
598 3549 625 3596 in
637 3549 818 3597 monumentis
829 3547 940 3596 alterius
951 3546 1026 3595 tomi.
1077 3577 1080 3582 .

333 3611 439 3715 Algsrs
452 3610 569 3674 eges.
584 3611 681 3661 Coner.
696 3609 779 3655 Cone.
793 3608 821 3655 in
838 3609 928 3655 Causa
938 3604 1085 3654 Parentina
1097 3610 1122 3652 et
1135 3606 1240 3660 Polen.‚
1255 3622 1279 3662 14
1290 3604 1339 3664 jul.
1353 3613 1419 3664 1894·

271 3684 298 3700 '·
361 3705 366 3715 .
402 3706 406 3715 .
442 3673 541 3722 πάνυ,
575 3672 657 3722 ,1595
700 3703 705 3716 ,

337 3759 341 3771 .
361 3727 425 3774 nuta
434 3681 571 3783 oleriqiiei)
579 3723 635 3771 Csr.
647 3680 733 3778 Ξᾙῒί,
746 3723 926 3778 Proelecli'ones,
940 3721 956 3767 l.
967 3739 987 3777 i,
996 3724 1014 3769 t.
1027 3738 1062 3772 ii,
1075 3720 1193 3780 append.
1207 3735 1225 3766 n
1245 3727 1258 3766 6
1266 3733 1271 3775 ;
1286 3719 1419 3779 Gasparri

332 3791 410 3838 n..731
429 3783 501 3842 Usus
517 3790 609 3828 tamen
625 3781 797 3840 quarundam
806 3780 954 3834 curiarum,
964 3795 989 3826 v.
998 3793 1035 3838 gr.
1048 3779 1220 3833 Parisiensis‚
1228 3792 1283 3824 nori
1293 3778 1419 3834 exigendi

333 3837 590 3887 testimonialeshisi
608 3839 787 3886 commoratio
805 3837 977 3896 pubertatem
989 3839 1026 3893 (¹4
1042 3841 1119 3888 ann.)
1135 3836 1170 3883 sit
1186 3843 1290 3900 secuta,
1309 3837 1420 3884 videtur

332 3896 413 3945 nobis
424 3898 612 3957 seruariposse
629 3899 687 3943 Nec
699 3903 760 3944 ante
769 3895 883 3944 eandem
892 3902 1007 3942 aetatem
1020 3895 1169 3953 requiritur
1178 3893 1298 3958 haeresis
1308 3893 1419 3954 abjura-

333 3955 370 4013 tio
385 3955 513 4002 formalis.
527 3953 604 4004 ‘icill
617 3956 661 4002 Pr.
675 3955 755 4004 Fidei.
769 3970 795 4001 ri.
809 3962 872 4006 iuno,
883 3967 914 4000 ex
926 3954 952 4001 S.
967 3951 1031 4005 Off.)
1044 3954 1139 4007 Immo,
1154 3953 1327 3998 Novitiorum
1346 3951 1420 3999 testi-

332 4013 463 4060 moniales
474 4027 528 4060 non
539 4020 601 4060 sunt
614 4013 792 4073 postulandae
803 4011 855 4058 nisi
868 4018 928 4070 post
941 4017 1003 4058 rsiim
1014 4009 1111 4057 aetatis
1122 4023 1232 4058 annum.
1244 4008 1299 4057 Cir.
1309 4011 1419 4064 Wernz,

331 4073 377 4124 Jus
389 4073 480 4118 Decrel.
492 4078 546 4126 t..2,
559 4086 585 4128 p.
599 4075 634 4128 50.
647 4077 711 4117 nota
723 4078 757 4117 86.

313 4146 316 4165 ι
362 4131 456 4185 Porro,
469 4129 541 4176 decr.
555 4129 580 4177 S.
590 4130 619 4176 C.
629 4129 661 4176 C.
673 4137 698 4175 13
711 4127 774 4174 maii
788 4135 852 4184 1899,
866 4126 1034 4174 declaratum
1046 4129 1085 4173 est
1096 4125 1220 4183 sufficere
1231 4129 1261 4170 ut
1273 4124 1306 4171 de
1319 4123 1376 4172 vita
1390 4133 1417 4172 et

331 4186 453 4234 moribus
462 4201 555 4235 eorum
566 4187 612 4245 qui
623 4185 679 4244 jam
687 4185 819 4234 'Ordinem
837 4185 958 4244 aliquem
969 4184 1138 4242 susceperint
1150 4197 1165 4230 a
1177 4183 1256 4230 lactis
1267 4183 1303 4229 ad
1315 4190 1422 4240 postre-

331 4260 403 4294 mam
414 4245 614 4294 ordinationem
634 4241 874 4306 informationibus
892 4256 963 4290 nova
979 4241 1027 4290 fiat
1038 4241 1206 4302 disquisitio.
1219 4241 1285 4300 [Reii.
1299 4240 1367 4288 tlieol.
1376 4239 1417 4302 fr.

332 4308 559 4410 19inlliiii⁴ssiiiiicit
575 4359 727 4425 declaratio
745 4358 880 4418 negativa,
899 4372 954 4405 non
973 4372 1030 4405 esse
1049 4357 1149 4405 famam
1162 4355 1285 4422 ¹alicujus
1304 4355 1420 4415 impedi-

330 4427 422 4467 menti.
442 4420 520 4467 Tunc
538 4432 620 4472 enim,
642 4415 754 4481 obtenta
770 4418 898 4463 facultate
916 4430 932 4482 a
950 4417 977 4465 S.
998 4416 1075 4473 Sede,
1091 4415 1291 4474 providendum
1310 4424 1350 4462 est
1368 4429 1419 4474 per

274 4522 276 4526 ,
327 4477 511 4536 juramentum
527 4477 734 4535 suppletorium.
753 4476 779 4524 S.
798 4474 864 4531 Off..
881 4482 909 4524 26
922 4488 978 4533 ian.
1000 4480 1064 4532 1895.
