3138 5014
162 453 259 533 [492]
358 481 359 484 “
465 475 501 510 oa
517 473 591 518 cuna
605 439 764 522 rnoracrus
779 471 950 532 sprnrrunars
1193 451 1248 514 301

160 609 216 690 qui
233 617 376 693 possunt
389 611 559 677 interdum
571 611 700 675 utiliter
712 609 883 679 subditum
908 611 950 678 ad
966 609 1184 694 Superiorem
1199 611 1253 674 vel
1299 692 1301 696 ι

161 694 428 776 Superiorissam
446 695 633 758 remittere.
1162 750 1164 764 .

163 783 165 788 '
202 785 232 850 c)
247 778 417 842 Personae
428 777 568 840 srrdda'tae
581 782 660 842 sunt
673 781 838 857 quotquot
851 775 991 840 fecerint
1004 781 1097 847 vota.
1112 777 1199 860 Quid
1214 777 1254 840 de

159 859 486 941 novitiisi'Plerique
509 861 582 923 illos
607 861 727 921 volunt
747 860 1032 944 comprehensos:
1061 870 1141 922 sunt
1164 859 1255 927 enirn

162 963 240 1010 vere
256 944 396 1020 subditi3
414 953 515 1024 atque
532 942 563 1004 id
576 943 796 1004 confirmatur
818 942 1008 1003 recentibus
1037 941 1235 1004 constitutio

1336 762 1400 824 Quid
1413 763 1440 810 de

1306 822 1425 870 novitiis?

160 1026 258 1088 nibus
266 1025 416 1090 Sororum
425 1028 601 1108 Pauperum
610 1025 631 1086 ¹.
643 1024 785 1106 Quidam
795 1030 908 1098 tamen
921 1025 1087 1086 dubitant.
1098 1025 1252 1104 Namque
1343 1037 1344 1040 ’

160 1108 324 1190 subjectio
347 1108 412 1170 ista
427 1116 479 1170 est
501 1111 599 1188 longe
622 1109 732 1169 minus
758 1106 918 1188 perlecta,
938 1127 1014 1168 cum
1031 1109 1064 1168 in
1080 1114 1251 1187 potestate

160 1191 203 1252 sit
220 1190 426 1254 novitiorum
446 1191 565 1272 jugum
583 1189 671 1251 istud
688 1208 825 1270 ponere.
845 1189 1038 1264 Praeterea,
1056 1209 1132 1252 cum
1149 1189 1252 1254 infor·

159 1275 272 1338 mandi
288 1276 356 1336 sint
373 1275 414 1334 ad
430 1275 537 1336 vitam
559 1272 762 1354 religiosam,
781 1271 838 1332 vix
854 1273 977 1352 poterit
993 1271 1064 1333 sine
1081 1272 1253 1339 anxietate

159 1355 269 1420 officio
296 1376 357 1420 suo
384 1355 477 1436 fungi
508 1355 670 1435 magister
697 1355 751 1416 vel
780 1353 943 1434 magistra
970 1353 1188 1430 novitiorum,
1224 1357 1253 1424 si

159 1436 1252 1519 severaistaprohibitioneteneantur.NovimusdeniqueabEm⁰

160 1520 330 1584 Cardinali
353 1522 554 1584 Protecture
579 1521 752 1602 cujusdam
777 1517 1057 1600 Congregationis
1081 1539 1153 1582 esse
1180 1541 1250 1585 res,

160 1623 301 1686 pensum
317 1604 463 1668 novitios
476 1606 541 1666 hoc
554 1604 690 1666 decreto
703 1621 770 1664 non
783 1601 882 1664 affici.
901 1604 1014 1685 Quare
1031 1623 1158 1684 negans
1175 1624 1250 1666 sen-

164 1686 270 1748 tentia
287 1693 339 1747 sat
355 1685 544 1748 verisimilis
569 1685 664 1748 nobis
680 1684 826 1748 videtur.
844 1683 941 1768 Quod
958 1685 1110 1764 dicimuS,
1127 1705 1194 1751 non
1211 1707 1250 1754 co

161 1768 299 1832 consilio
312 1781 348 1830 ut
362 1770 523 1850 magister
535 1769 739 1830 novitiorum
752 1767 907 1834 instituat
920 1767 1105 1830 formaliter
1118 1769 1251 1850 exigere

161 1851 387 1914 conscientiae
403 1853 581 1929 rationem,
600 1853 658 1915 sed
671 1861 707 1920 ut
724 1851 829 1932 possit
845 1849 977 1912 sincero
992 1851 1106 1914 animo
1123 1858 1156 1914 et
1174 1873 1249 1916 cum

160 1953 243 2018 pace
260 1953 322 1996 suo
338 1933 447 1996 officio
464 1954 599 1995 vacare.

201 2017 234 2096 d)
249 2015 395 2078 iuducere
410 2015 521 2078 directe
532 2014 578 2077 vel
588 2014 735 2078 indirecte
751 2020 802 2077 est
818 2015 979 2078 moralem
993 2016 1140 2096 aliquam
1155 2036 1249 2080 exer·

161 2119 238 2162 cere
254 2100 333 2165 vim.
351 2100 446 2161 Haec
463 2100 559 2161 t'acile
581 2099 669 2161 inest
685 2099 716 2161 in
734 2098 874 2178 simplici
897 2097 1088 2179 Superioris
1105 2101 1249 2162 interro-

161 2183 312 2262 gatione.
331 2182 447 2263 Quare
460 2183 561 2245 etiam
577 2182 640 2244 hac
658 2181 764 2243 tutius
781 2180 1018 2242 abstinebitur.

152 2280 154 2286 ·
199 2266 275 2327 Non
293 2276 406 2326 tamen
421 2263 542 2326 inducit
557 2263 719 2346 Superior
745 2263 813 2344 qui,
842 2263 920 2324 dum
948 2263 1056 2326 cernit
1079 2263 1249 2334 subditum

160 2349 245 2409 velle
269 2347 399 2430 aperire
425 2347 574 2412 animum
597 2367 696 2411 suum
724 2353 758 2408 et
780 2346 1037 2427 interpretativa
1064 2365 1186 2427 rogare
1212 2354 1250 2408 ut

153 2429 316 2492 audiatur
332 2431 390 2492 sed
405 2429 516 2511 aliquo
539 2430 664 2492 rubore
687 2427 850 2510 impediri,
869 2427 932 2510 ipsi
955 2429 1084 2492 animos
1107 2428 1199 2492 addit
1216 2437 1249 2498 et
1295 2494 1297 2498 ,

160 2514 346 2594 prudenter
362 2511 451 2579 viam
473 2512 594 2576 sternit
617 2513 659 2574 ad
675 2511 774 2573 istam
795 2513 984 2574 ultroneam
1002 2511 1249 2577 manifestatio·

158 2615 255 2658 nem:
273 2602 354 2680 puta
367 2596 538 2658 subditum
549 2595 620 2677 jam
634 2605 753 2676 sponte
765 2593 860 2674 queri
875 2594 914 2655 de
928 2594 1040 2657 animo
1052 2593 1163 2672 anxie,
1181 2602 1247 2664 etc,

200 2679 270 2742 Nec
301 2678 440 2757 inducit,
472 2678 540 2759 qui,
572 2678 773 2740 abstinendo
804 2677 944 2740 consilio
973 2677 1182 2758 particulari,
1215 2677 1249 2747 in

158 2762 355 2824 universum
380 2762 564 2823 ostenderit
587 2760 763 2823 commoda
779 2760 1025 2841 conjunctionis
1049 2780 1126 2823 cum
1143 2760 1248 2841 Supe-

159 2844 305 2905 rioribus
326 2850 360 2907 et
377 2851 598 2925 spontaneam
622 2843 711 2906 illam
736 2842 850 2904 laudat
873 2842 1107 2905 difficultatum
1123 2842 1248 2924 signiti-

159 2925 326 2986 cationem
343 2944 428 3005 quae
452 2927 587 2986 decreto
604 2926 822 3005 permittitur.
847 2924 1044 2988 Cavendum
1062 2925 1248 2990 tamen'hic

160 3012 212 3068 est
229 3026 268 3076 ne
285 3007 425 3068 subdole
441 3005 474 3066 in
490 3007 643 3068 fraudem
660 3007 743 3087 legis
759 3012 892 3086 agatur.

201 3089 231 3166 e)
254 3088 305 3150 Ad
326 3086 506 3170 hujusmodi
529 3088 809 3168 manifestationem
832 3088 1040 3159 correcienb'oe.
1065 3090 1116 3152 Ad
1131 3089 1247 3172 hujus·

159 3170 259 3248 modi,
288 3169 319 3232 id
348 3177 399 3232 est
425 3171 465 3232 ad
494 3169 659 3233 intimam.
686 3171 887 3233 Nullatenus
917 3170 1019 3252 igitur
1049 3171 1248 3252 prohibetur

83 3330 87 3337 .
160 3253 321 3336 Superior
333 3251 548 3334 inquisitione
563 3253 746 3320 domestica
759 3255 813 3316 uel
829 3253 1094 3334 interrogatione
1107 3261 1249 3335 paterna

159 3356 258 3418 quam
275 3355 378 3418 supra
393 3356 426 3398 n.
440 3351 515 3414 431,
532 3336 783 3417 descripsimus.
799 3337 917 3416 ltaque
933 3356 1000 3397 non
1020 3336 1199 3399 committit
1214 3337 1248 3408 in

158 3421 266 3500 legem
282 3418 443 3502 Superior
458 3421 524 3499 qui,
540 3417 807 3482 dum'subditum
822 3419 982 3482 observat
994 3418 1133 3481 tristitia
1149 3418 1248 3481 affec-

98 3517 104 3521 ·
159 3508 242 3580 tum,
261 3521 399 3564 causam
416 3502 559 3564 scitatur
582 3507 621 3562 ut
635 3501 665 3563 ei
685 3502 728 3564 sit
744 3501 877 3580 solatio,
902 3521 963 3563 nec
980 3501 1036 3581 qui
1059 3500 1248 3586 interrogat

159 3585 198 3647 de
226 3585 408 3647 observato
431 3583 575 3654 silentio,
594 3585 794 3666 praesertim
816 3584 844 3646 si
861 3583 1007 3666 suspicio
1023 3583 1066 3646 sit
1084 3583 1245 3662 defectus,

158 3670 212 3729 vel
227 3667 266 3728 de
290 3667 389 3730 modo
419 3687 485 3752 quo
509 3667 642 3730 noverit
664 3687 776 3745 orare,
794 3675 831 3729 ut
854 3667 978 3730 bonam
1003 3666 1124 3728 docere
1140 3668 1247 3750 possit
1294 3736 1297 3741 ,

161 3751 369 3813 methodum.

163 3819 165 3824 ’
200 3855 230 3912 3.
263 3858 277 3888 α
309 3831 505 3918 Subditisque
527 3853 544 3896 e
569 3852 735 3895 converso
751 3831 913 3913 proecepit,
940 3837 977 3893 ut
1007 3831 1246 3914 Superioribus

159 3915 344 3997 majoribus
366 3915 565 3978 denuntient
588 3915 787 3998 Superiores
809 3915 969 3991 minores,
995 3915 1051 3994 qui
1073 3934 1131 3976 eos
1148 3915 1190 3979 ad
1214 3916 1246 3978 id

158 3998 315 4060 inducere
331 3998 497 4062 audeant:
513 4005 558 4077 et,
576 3998 604 4059 si
626 4005 748 4078 agatur
770 3999 809 4060 de
826 3997 1039 4060 Moderatore
1056 3998 1112 4059 vel
1133 3998 1246 4060 Mode-

157 4079 459 4224 iratrioebgenemfi’
485 4081 693 4145 denuntiatio
716 4079 794 4144 huic
810 4081 845 4143 S.
866 4079 1129 4161 Congregationi
1146 4081 1188 4143 ab
1207 4080 1247 4143 iis

182 4161 287 4224 eride
312 4169 413 4226 eat.»

189 4358 196 4392 1
211 4373 219 4400 r
234 4355 309 4402 Pour
318 4355 357 4402 les
369 4352 617 4403 communications
632 4351 797 4412 spirituelles
813 4358 840 4401 et
856 4357 915 4400 tout
930 4367 961 4401 ce
973 4350 1020 4414 qui
1037 4351 1150 4412 regarde
1162 4351 1246 4400 l'intd-

157 4413 233 4462 rieur
244 4414 295 4460 elle
306 4414 342 4463 lla
359 4415 503 4461 Maltresse
519 4413 566 4460 des
581 4412 702 4465 novices)
718 4412 773 4460 s’en
790 4411 897 4459 tiendra
913 4411 929 4458 d
945 4425 976 4458 ce
992 4425 1045 4472 que
1062 4411 1086 4459 le
1102 4412 1129 4460 St
1141 4411 1219 4472 Siege
1230 4424 1247 4459 a

157 4473 229 4534 regle
239 4485 289 4532 par
300 4471 325 4519 le
336 4470 429 4519 decret
441 4470 645 4531 Quemadmodum,
662 4486 670 4514 r
689 4471 874 4527 Constitutione,
886 4487 898 4519 2
910 4484 949 4529 p.‚
962 4483 985 4517 c.
1000 4487 1022 4519 2.

1326 2030 1438 2133 finieram

1304 2101 1328 2134 vr
1346 2095 1429 2134 eantrrr

1305 2145 1431 2194 inducere?

1333 2269 1418 2320 Casus.

1333 3092 1397 3162 Quid
1410 3107 1463 3142 con·

1303 3154 1414 3198 screntr‘ae

1303 3208 1442 3270 manifesta·

1305 3268 1357 3314 tio.)

1332 3847 1453 3906 Obligatio

1302 3905 1428 3967 deserendi.
