3142 5004
139 452 321 536 [330-331]
514 477 550 511 uu
566 475 692 512 uiscassu
708 472 923 512 uuiieiosoauir‘
1170 450 1230 514 193

102 637 104 640 -
171 612 318 677 praelier,
331 608 362 662 iu
373 607 391 664 l.
404 610 420 661 3
441 608 530 672 Deci,
542 608 561 662 t.
574 609 614 670 31,
626 622 653 661 n.
663 609 785 673 245-265;
797 611 908 672 Boulis,
921 609 960 663 De
968 608 1034 676 jure
1046 595 1229 676 mandurium,

172 687 206 739 tr.
220 688 243 751 2,
264 701 290 754 p.
312 687 336 750 6,
346 701 369 742 s.
381 688 405 751 4,
426 701 448 740 o.
470 687 485 738 2
505 687 534 739 et
550 688 574 750 3,
594 701 620 754 p.
641 688 690 741 509
712 699 785 754 sqq.;
806 687 909 750 Melet,
932 687 971 741 De
993 684 1152 748 Ordinibus,
1171 683 1232 747 etc,

173 780 200 820 n.
210 768 303 820 94-100
312 779 318 831 ;
328 766 679 833 Piae,Productioaasjur.
692 781 756 834 rep,
766 767 785 818 t.
796 768 817 827 l,
827 766 950 830 lbi-2093
960 765 1083 828 219-229;
1093 766 1233 834 Anqelus

174 859 192 899 a
212 845 263 900 SS.
279 846 387 906 Corde,
399 846 539 912 Manuale,
560 846 621 908 ato,
634 847 653 899 t.
668 849 689 909 l,
700 859 727 912 p.
742 845 852 898 ria-227
863 857 869 908 ;
879 843 1041 907 perminii,
1054 843 1128 910 opus
1142 841 1230 908 ineat„

177 924 211 977 tr.
224 926 248 988 9,
261 939 284 977 e.
298 927 320 987 1,
332 938 358 977 n.
372 925 498 990 nio-2693
518 926 695 993 Nervaque,
716 925 755 978 lla
763 923 829 991 jura
838 922 978 992 practico,
991 921 1053 985 eto,
1065 935 1091 988 p.
1105 921 1160 984 196,
1173 933 1233 987 sqq.

186 1065 261 1148 Quo
295 1064 418 1128 clarior
448 1065 492 1127 sit
513 1063 688 1145 expositi0,
712 1061 898 1146 praestabit
926 1061 1017 1143 prius
1045 1079 1234 1144 proponere

139 1149 195 1230 jus
219 1149 318 1228 quale
341 1153 415 1210 erat
431 1153 510 1209 ante
526 1146 710 1210 Decretum
733 1169 752 1227 4
773 1165 851 1212 nov.
879 1150 968 1224 1892,
986 1151 1019 1206 et
1042 1152 1113 1206 tum
1134 1162 1234 1206 accu-

144 1237 217 1293 rate
234 1231 341 1314 ipsam
359 1230 460 1313 hujus
476 1228 601 1294 decreti
617 1229 685 1292 vim
701 1229 841 1292 dicendo
856 1228 1023 1310 persequi.

147 1403 162 1492 t
186 1421 217 1476 i.
244 1397 313 1476 De
325 1397 436 1504 jure
461 1402 558 1478 aule
576 1397 806 1478 Decretum
825 1392 979 1476 Auctis
1008 1392 1235 1474 adrnoa'urn

189 1581 277 1644 330.
296 1602 322 1642 1.
338 1576 459 1660 Ejecdr‘o
474 1598 589 1662 presse
606 1579 695 1642 dicta
707 1585 758 1641 est
769 1576 942 1641 sollemnis
958 1575 1106 1658 religiosi
1120 1573 1234 1656 expul-

148 1661 198 1724 sio
214 1663 359 1725 servatis
385 1663 486 1725 votis.
511 1662 673 1735 Dimissia,
701 1669 832 1740 contra,
857 1667 909 1723 est
933 1659 1043 1723 minus
1066 1657 1234 1721 sollemnis

149 1747 237 1808 ratio
263 1745 506 1808 exauctorandi
530 1745 737 1825 religiosum,
765 1765 831 1826 qua
850 1744 949 1808 simul
974 1743 1140 1804 tolluntur
1155 1747 1235 1802 vota

149 1827 324 1908 omnisque
348 1829 505 1909 religiosa
529 1829 702 1909 obligatio

190 1933 220 1974 2.
253 1913 370 1991 Itaque
402 1911 568 1994 ejiciuntur
597 1911 811 1994 potissimum
838 1909 1046 1973 sollemniter
1068 1904 1233 1991 professi3

150 1993 348 2056 dimittuntur
364 1993 384 2056 ii
397 1995 453 2074 qui
465 1995 553 2056 votis
567 1994 772 2076 simplicibus
782 1991 1027 2074 quodammodo
1036 1990 1235 2075 probantur.

192 2098 221 2156 3.
239 2076 387 2139 Familias
403 2075 581 2138 dimittendi
597 2078 728 2138 sodales
745 2076 879 2158 proprie
896 2094 1058 2137 concessa
1075 2081 1126 2136 est
1142 2070 1237 2134 Ordi-

151 2159 238 2220 nibus
250 2158 454 2242 regularibus,
468 2159 605 2239 quodad
615 2179 672 2220 eos
682 2178 736 2238 qui
750 2179 824 2220 eam
837 2158 978 2220 iecerint
994 2156 1236 2239 professionem

153 2242 336 2321 simplicem
355 2259 421 2319 qua
436 2253 661 2322 praeparatur
677 2242 860 2303 sollemnis,

194 2322 492 2405 Congregationidus
513 2323 677 2403 religiosis
693 2323 804 2404 potius
818 2322 1005 2384 consulitur
1017 2321 1105 2383 votis
1120 2321 1151 2383 in
1166 2321 1253 2382 cer·¹

153 2412 225 2468 tum
256 2415 389 2488 tempus
412 2405 509 2468 iactis
532 2413 713 2486 antequam
743 2413 905 2487 perpetuo
935 2425 1022 2478 nexu
1052 2404 1086 2466 in
1116 2422 1238 2485 corpus

76 2563 78 2568 A
152 2487 324 2550 societatis
334 2494 535 2570 coaptentur
548 2488 685 2552 alumni.
696 2488 918 2552 Nihilominus
932 2488 1112 2551 nonnullae
1125 2489 1240 2548 valent

152 2591 193 2633 ex
221 2571 396 2654 privilegio
427 2571 596 2654 professos
623 2591 702 2634 suos
730 2571 897 2635 dimittere
922 2571 943 2633 ¹.
975 2573 1070 2653 Quae
1093 2568 1240 2633 dimissio

154 2659 286 2736 spectat
309 2655 351 2716 ad
374 2653 549 2716 Praesides
572 2653 734 2732 instituti,
760 2655 904 2716 servatis
932 2655 1032 2737 hujus
1055 2652 1184 2734 legibus
1207 2659 1240 2714 et

153 2736 331 2819 pontificiis
345 2737 504 2799 decretis.
525 2736 562 2800 C.
581 2736 731 2800 Caudinae
747 2758 766 2798 a
781 2737 921 2814 Christe,
940 2758 968 2800 c.
987 2755 1008 2807 i,
1028 2758 1062 2800 u.
1082 2760 1109 2800 1.

195 2819 360 2899 Denique,
385 2821 473 2900 quod
507 2821 549 2881 ad
578 2821 724 2882 instituta
748 2819 936 2897 dioecesana,
962 2820 1105 2883 facultas
1132 2817 1240 2880 dimit-

153 2903 245 2964 tendi
261 2902 408 2983 sodales
434 2903 584 2966 cavendo
608 2925 627 2965 a
651 2904 798 2966 laesione
820 2904 907 2986 juris
924 2903 1026 2984 tertii,
1044 2901 1241 2984 agnoscitur

154 2985 335 3067 Episcop0‚
353 2985 392 3049 C.
410 2986 561 3050 Conditor
576 3007 595 3047 a
611 2985 747 3062 Curiam,
766 3007 795 3048 c.
817 3008 844 3066 1,
862 3008 895 3050 n.
913 3004 987 3050 viii.

198 3069 286 3132 331.
301 3071 356 3129 Ad
372 3071 569 3147 legitimam
582 3071 812 3147 ejectionem:

202 3170 229 3213 1.
246 3152 281 3212 Ia
305 3151 472 3214 Ordinibus
497 3152 634 3213 uirorum
655 3171 739 3233 opus
763 3157 835 3214 est:
860 3155 894 3215 al
921 3151 967 3214 Ut
994 3149 1170 3230 religiosus
1198 3149 1241 3211 sit

156 3233 390 3316 incorrigibilis.
414 3235 446 3297 Is
473 3241 524 3295 est
547 3233 614 3314 qui,
634 3235 814 3297 commisso
831 3234 951 3296 delicto
967 3234 1075 3314 gravi,
1094 3232 1239 3314 publica

159 3317 297 3379 cedente
320 3317 353 3378 in
377 3318 535 3379 damnum
557 3316 739 3396 religionis,
779 3337 845 3378 non
869 3315 1035 3397 resipiscit
1057 3335 1117 3397 per
1143 3315 1242 3377 solita

157 3400 266 3462 media
282 3399 502 3462 correctionis
519 3399 681 3476 adbibita;
696 3403 731 3477 b)
746 3400 802 3478 Ut,
818 3419 878 3482 per
888 3403 949 3461 'sex
961 3402 1080 3462 saltem
1098 3417 1240 3474 menses,

157 3483 321 3565 probetur
335 3483 369 3546 iii
377 3481 506 3566 jejunio
520 3488 552 3544 et
566 3483 737 3561 carcere²,
753 3482 842 3546 intra
855 3488 951 3566 septa
966 3481 1173 3546 monasterii.
1183 3480 1242 3544 Sin

187 3691 195 3726 1
207 3689 265 3737 Nec
277 3687 385 3736 videtur
397 3699 550 3747 repugnare
563 3686 589 3734 S.
603 3685 686 3734 Sedes
697 3683 764 3745 quin
776 3683 896 3732 discolus
907 3685 1042 3740 alumnus,
1057 3684 1104 3746 qni
1117 3698 1245 3744 praesens

159 3747 187 3795 in
199 3752 335 3795 conventu
353 3745 439 3794 nimia
458 3745 576 3809 lacessat¹
586 3744 704 3805 negotia,
724 3742 830 3807 sinatur
849 3749 924 3790 extra
943 3745 1062 3808 claustra
1074 3746 1170 3804 degere
1181 3757 1186 3798 ;
1208 3751 1243 3808 et.

159 3805 238 3865 quasi
250 3810 346 3852 mutuo
364 3817 498 3852 consensu
511 3803 650 3855 dimissus
665 3805 838 3860 permittatur
856 3815 922 3848 suae
942 3803 1136 3850 conscientiae.
1147 3802 1204 3849 Cir.
1218 3815 1246 3848 m

160 3877 244 3912 causa
257 3862 360 3910 Montis
372 3860 511 3916 Pesiilani‚
525 3861 551 3909 S.
566 3862 596 3907 C.
609 3861 664 3906 EE.
678 3865 704 3906 et
716 3859 776 3905 RR.
789 3875 800 3922 ¹1
816 3859 865 3916 jul.
881 3866 944 3922 1898.
958 3860 1088 3916 Manlium,
1099 3873 1145 3914 xii,
1156 3874 1181 3918 p.
1194 3866 1244 3906 385.

190 3921 290 3969 iiiaec
308 3923 410 3968 carceris
426 3917 553 3984 probatio
564 3917 646 3981 bodie
657 3922 837 3964 communiter
848 3915 904 3964 fieri
918 3917 1021 3981 nequit.
1035 3919 1127 3982 Quare
1138 3918 1247 3966 videtur

162 3977 243 4027 nobis
254 3978 342 4026 omitti
355 3991 442 4038 posse.
456 3979 560 4034 ltaJam
573 3977 668 4025 Bonix.
683 3980 700 4022 t.
713 3993 734 4028 2,
745 3988 768 4020 c.
781 3991 802 4028 2,
816 3989 841 4032 q.
853 3982 874 4020 3.
885 3975 947 4020 Non
957 3988 1029 4021 enim
1046 3977 1192 4023 verisimile
1208 3982 1248 4022 est

160 4053 176 4084 a
186 4039 213 4085 S.
222 4038 356 4084 Pontifice
372 4035 436 4084 hinc
453 4036 564 4095 quidem
574 4033 687 4097 concedi
698 4032 866 4096 facultatem,
880 4031 955 4078 illinc
967 4046 1031 4079 vero
1042 4034 1161 4093 praecipi
1174 4033 1248 4080 viam

161 4094 314 4153 expellendi
335 4098 376 4152 pir
397 4108 421 4140 se
440 4107 488 4140 seu
513 4091 650 4151 plerisque
674 4103 844 4153 imperviam.
872 4091 905 4135 Et
926 4090 1118 4138 confirmamur
1139 4093 1248 4139 decreto

159 4154 245 4201 Arietis
260 4151 385 4198 admodum
403 4151 487 4215 quod,
505 4148 682 4214 memorando
698 4152 898 4250 praescriptum
914 4147 1047 4202 ordinem.
1068 4149 1128 4196 silet
1140 4150 1174 4196 de
1190 4162 1248 4196 car·

160 4225 231 4258 cere.
246 4208 523 4258 Satiusnihilominus
533 4212 592 4262 erit,
601 4214 746 4266 impetrato
757 4205 823 4251 indu
837 4210 873 4258 to.
884 4217 977 4268 ansam
987 4219 1093 4252 ornnem
1106 4215 1250 4266 amputare

162 4266 309 4316 dubitandi
322 4267 356 4314 de
367 4268 460 4314 valore
471 4264 647 4325 expulsionis,
665 4271 716 4312 etc.
735 4263 792 4310 Cir.
806 4263 944 4317 Palmieri,
958 4263 1020 4327 Opus
1031 4264 1097 4310 ideal.
1111 4271 1143 4310 tr.
1156 4283 1176 4323 9.
1190 4279 1215 4312 e.
1226 4281 1249 4320 i,

162 4341 189 4374 n.
213 4332 261 4374 251.
286 4327 383 4382 Imm0,
397 4325 493 4384 utique
504 4331 567 4371 ante
584 4324 663 4370 Dect.
680 4324 766 4369 Auctis
781 4319 916 4375 admodum,
929 4337 957 4368 22
965 4334 1022 4378 ian.
1042 4329 1106 4376 1886,
1126 4337 1142 4368 a
1155 4340 1164 4367 i
1179 4324 1250 4370 Con·

165 4397 257 4443 gressu
271 4400 280 4426 i
294 4384 378 4442 Cong.
391 4383 477 4441 Super
489 4380 597 4439 discipl.
610 4381 737 4441 regulari,
755 4379 924 4426 declaratum
941 4385 981 4426 est
991 4391 1061 4438 opus
1072 4393 1129 4427 esse
1141 4381 1251 4428 Indulto

165 4439 319 4550 pffonlpfipioi
330 4446 368 4548 ut⁶
378 4439 497 4547 carcppis
515 4439 643 4501 probatio
659 4438 809 4488 omittatur.
821 4437 953 4495 Manlium,
966 4449 1003 4496 ix,
1023 4453 1042 4495 r,
1055 4451 1081 4498 p.
1100 4445 1136 4487 81.
1154 4446 1193 4496 82,
1209 4437 1251 4486 vel

196 4539 201 4548 n
241 4537 245 4547 ¹
290 4536 295 4548 1
323 4535 328 4549 1
340 4517 352 4550 2
372 4536 377 4559 1
390 4512 417 4559 ΡΙ
430 4516 442 4548 2
477 4535 482 4549 1

1318 1590 1381 1654 Quid
1393 1592 1446 1652 eirc-

1289 1653 1331 1709 lia,

1316 1733 1447 1782 Dimissr'o.

1323 1917 1449 1976 Utriusque

1289 1977 1420 2035 siibjeclum.

1319 2086 1433 2136 Facullas

1291 2145 1434 2192 diriiillendi.

1322 3090 1452 3154 Ligesrjec·

1295 3157 1368 3200 lionis
1393 3153 1453 3212 apud

1294 3211 1418 3271 regulares,
