3142 5004
195 1407 315 1454 Personae

166 1469 276 1525 exceptae.

378 491 438 554 l'l8
660 514 727 550 rans
742 513 863 562 ausura.
880 513 975 551 sacrm
991 514 1029 551 111.
1044 485 1137 553 'cneus
1153 519 1183 555 tt.

378 647 552 711 Benedicti
577 665 647 727 xiv,
677 670 694 729 3
718 649 790 731 jan.
825 668 914 731 1742,
946 668 1013 729 qua
1051 651 1207 714 Pontifex
1233 651 1296 713 iste
1323 649 1465 711 innovat

378 751 494 795 omnes
513 730 729 794 Summorum
745 731 944 794 Pontificum
961 731 1242 808 Constitutiones,
1260 733 1347 796 tollit
1359 731 1464 793 lacul-

378 820 482 877 tatem
495 815 708 896 dispensandi
724 821 758 876 et
770 814 944 896 privilegia
953 814 1023 897 jam
1039 835 1213 880 concessa.
1225 814 1465 880 Excommuni-

379 898 468 1044 {atila
483 899 572 1063 lgtae
584 898 771 960 sententiae
788 897 988 962 confirmata
1000 906 1063 976 est,
1077 911 1111 961 a⁰
1122 905 1211 980 1859,
1225 899 1263 963 C.
1273 895 1465 980 Apostolieae

404 1001 478 1056 ers,
529 999 559 1057 2,
577 1000 611 1043 n.
629 1001 658 1062 7.

420 1065 495 1127 Hoc
512 1064 614 1144 igitur
637 1063 849 1125 sanctionum
872 1081 1007 1142 genere,
1032 1066 1074 1128 ad
1094 1065 1256 1148 majorem
1274 1061 1462 1126 custodiam

380 1147 557 1215 castitatis,
583 1153 621 1208 ut
643 1146 879 1208 scandalorum
904 1148 1038 1209 occasio
1062 1156 1273 1226 amoveatur,
1298 1156 1331 1209 et
1348 1144 1462 1225 quieti,

380 1229 452 1314 paci
468 1236 570 1310 atque
585 1229 738 1291 internae
759 1228 985 1291 recollectioni
1002 1231 1235 1312 religiosorum
1253 1231 1462 1306 consulatur,
1559 1229 1560 1282 l

380 1312 523 1375 feminae
547 1311 774 1392 prohibendae
798 1317 876 1372 sunt
900 1311 1053 1392 ingressu
1080 1313 1169 1376 intra
1184 1315 1345 1376 claustra.
1362 1310 1463 1374 Exci-

380 1397 518 1478 piuntur
532 1394 671 1476 Reginae
687 1397 759 1472 (aut
782 1412 945 1474 personae
961 1397 1216 1478 aequiparatae)
1230 1415 1313 1475 quae
1330 1393 1462 1455 decenti

381 1479 542 1541 comitatu
559 1477 675 1558 stipari
693 1482 849 1558 possunt;
866 1485 899 1537 et
911 1475 1101 1557 aliquando,
1115 1500 1152 1541 ex
1166 1478 1297 1553 indulto,
1315 1476 1463 1554 insignes

380 1559 637 1623 benefactrices.
655 1559 704 1620 De
709 1557 823 1640 puellis
835 1561 1010 1640 septennio
1026 1562 1212 1625 minoribus
1229 1569 1281 1624 est
1296 1559 1463 1640 quaedam

294 1713 298 1720 ,
381 1642 626 1706 controversia.
657 1640 868 1703 Probabilius
895 1661 961 1704 non
989 1643 1066 1706 licet
1095 1665 1153 1707 eas
1184 1644 1374 1719 admittere,
1406 1639 1464 1702 sed

182 1907 322 1954 Sanctiones

168 1963 235 2024 lrrp'rs
252 1971 325 2025 poste·

165 2024 241 2072 rr'orr's
258 2021 323 2084 legis.

171 2925 179 2934 ·
191 2911 322 2960 Declnusn·

164 2985 192 3018 re
213 2973 238 3018 r'n
258 2971 322 3017 Mis-

163 3030 278 3077 sionibus.

192 3729 321 3798 clausurae

122 3816 124 3819 -
161 3795 260 3837 narone.

159 3905 161 3908 '
180 3900 316 3960 Principia.

381 1724 682 1789 excommunicatio
697 1744 762 1784 non
780 1723 977 1802 incurritur,
996 1745 1071 1789 cum
1088 1747 1156 1790 non
1173 1730 1306 1790 constet
1322 1743 1462 1807 gravem

381 1829 454 1871 esse
467 1815 596 1870 reatum
611 1806 633 1870 ¹.
650 1805 688 1868 C.
703 1807 912 1884 d’Annibale,
927 1807 1103 1888 Sermrrule,
1119 1817 1143 1872 t.
1159 1832 1188 1891 3.
1206 1831 1238 1874 n.
1252 1828 1324 1890 227,
1339 1813 1419 1870 nota
1431 1827 1461 1884 3.

401 1892 511 1958 ·307.
531 1914 558 1954 1.
583 1890 741 1952 Feminae
761 1888 963 1970 ingredientes
986 1891 1081 1970 (satis
1100 1899 1150 1954 est
1174 1901 1211 1956 ut
1233 1898 1306 1954 toto
1323 1907 1461 1970 corpore

380 1975 446 2036 sint
460 1974 698 2054 ingressae),ct
711 1971 971 2053 Superioresvel
985 1975 1040 2036 alii
1056 1974 1210 2056 regulares
1226 1995 1283 2038 eas
1299 1972 1462 2036 admitten-

380 2063 433 2135 tes,
452 2059 643 2139 plectuntur
655 2054 999 2118 excommunicatione
1014 2057 1160 2120 Sanctae
1174 2058 1252 2121 Sedi
1267 2055 1464 2139 simpliciter

380 2148 566 2203 reseruata.
584 2136 898 2202 Excommunicatio
924 2157 1017 2219 ergo¹
1033 2159 1098 2201 non
1119 2141 1222 2203 afficit
1238 2141 1380 2203 famulos
1403 2143 1463 2198 aut

380 2224 556 2301 religiosos
579 2241 646 2282 non
670 2221 788 2282 stricte
811 2221 895 2282 tales
912 2223 967 2300 qui
993 2221 1164 2285 mulierem
1189 2219 1459 2296 introduxerint,

379 2326 440 2369 nec
458 2305 675 2388 probabiliter
698 2303 871 2382 religiosos
888 2303 942 2382 qui
966 2323 1057 2366 mere
1081 2325 1184 2368 causa
1206 2306 1274 2368 sint
1302 2324 1362 2368 cur
1388 2302 1462 2365 diu·

380 2391 445 2450 tius
456 2388 575 2451 mulier
587 2387 677 2449 intra
690 2388 838 2448 claustra
853 2385 1054 2466 detineatur,
1063 2391 1116 2450 vel
1128 2389 1184 2470 qui
1194 2409 1284 2452 mere
1297 2387 1463 2450 suadeant

379 2472 567 2551 ingressum
584 2477 643 2530 aut
660 2468 725 2530 iter
740 2469 985 2534 demonstrant.
1412 2466 1415 2472 ’

420 2574 451 2616 2.
469 2554 571 2614 Iidem
589 2553 762 2631 regulares
779 2553 973 2631 plectuntur
989 2552 1062 2634 ipso
1079 2552 1168 2616 lacto
1183 2553 1375 2637 privatione
1391 2551 1462 2612 offi-

380 2635 507 2696 ciorum
530 2652 679 2710 suorum,
703 2632 913 2695 inhabilitate
936 2633 979 2696 ad
1001 2635 1084 2716 ipsa.
1111 2637 1183 2699 Has
1207 2643 1319 2698 tamen
1336 2653 1462 2717 poenas

379 2719 512 2798 quidam
534 2717 546 2746 ²
570 2723 695 2796 negant
710 2717 820 2778 adhuc
836 2718 974 2797 vigere:
992 2717 1046 2780 cui
1069 2719 1255 2782 sententiae
1271 2718 1327 2780 alii
1343 2717 1462 2778 melius

379 2799 627 2862 contradicunt.
643 2797 730 2875 Piat,
748 2804 772 2860 t.
793 2822 820 2875 1,
838 2819 870 2882 p.
888 2818 960 2878 359.

419 2884 509 2948 308.
525 2882 672 2944 Decreto
688 2880 711 2943 S
740 2881 777 2943 C.
793 2883 893 2963 Prop.
907 2882 1009 2953 Fidei,
1028 2889 1068 2947 26
1084 2903 1161 2964 aug.
1182 2888 1259 2962 1780
1275 2885 1308 2944 et
1325 2899 1341 2960 5
1358 2885 1459 2942 mart.

381 2969 470 3046 1787,
489 2985 522 3026 m
548 2967 638 3026 locis
661 2966 874 3026 missionum
897 2964 1063 3028 obnoxiae
1079 2974 1169 3044 sunt,
1194 2974 1227 3028 et
1243 2964 1374 3046 quidem
1388 2962 1460 3025 ‚sub

378 3049 492 3110 iisdem
516 3046 685 3109 canonicis
702 3048 830 3128 poenis,
848 3048 926 3109 huic
944 3051 1122 3110 clausurae
1138 3051 1215 3131 legi,
1240 3050 1358 3111 domus
1374 3065 1460 3127 quae

377 3131 418 3194 ad
433 3130 607 3193 missiones
631 3136 786 3211 spectant
802 3136 834 3191 et
851 3130 883 3191 in
897 3131 1016 3210 quibus
1030 3132 1195 3194 stabiliter
1208 3137 1462 3194 commorantur

377 3215 443 3277 duo
456 3216 508 3276 vel
521 3220 590 3276 tres
603 3213 804 3275 missionarii
816 3217 989 3294 regulares
1002 3215 1088 3276 ritus
1100 3215 1206 3278 latini.
1221 3216 1316 3276 lntra
1328 3211 1461 3295 privata

376 3318 457 3378 ergo
473 3297 663 3378 hujusmodi
678 3297 852 3357 domorum
867 3296 1047 3373 curricula,
1066 3299 1269 3374 mansioneS,
1287 3313 1455 3370 recessus,

376 3382 538 3442 subnullo
551 3384 726 3462 praetextu
741 3377 1060 3441 feminaeintroduci
1074 3380 1331 3460 possunt.Licet
1345 3385 1458 3440 tamen

375 3463 455 3545 ipsis
478 3473 571 3525 recto
594 3462 730 3523 tramite
754 3462 892 3523 tendere
908 3462 940 3523 in
957 3462 1091 3523 interna
1113 3463 1276 3539 oratoria,
1294 3460 1456 3523 ecclesias

375 3555 408 3608 et
430 3548 515 3621 loca,
540 3551 577 3605 ut
593 3543 747 3605 intersint
769 3545 876 3612 sacris
898 3543 1138 3611 functionibus.
1167 3545 1237 3610 cfr.
1266 3542 1459 3608 Colleetanee

374 3630 469 3703 Prop.
487 3626 564 3689 Fr'd.
582 3646 615 3688 n.
632 3649 703 3708 410.
721 3648 793 3708 412.

416 3712 504 3776 309.
523 3711 692 3788 Quaeres,
721 3709 887 3788 quomodo
914 3711 1020 3772 finem
1043 3711 1175 3773 habeat
1199 3711 1367 3772 clausura
1392 3727 1459 3786 qua

374 3799 466 3854 certa
479 3793 597 3853 domus
613 3790 759 3853 afficitur
773 3791 785 3854 Ρ
1076 3795 1079 3809 ’

415 3875 456 3936 li'.
485 3896 510 3937 1.
529 3873 574 3955 Ut
590 3873 819 3953 quaestionem
837 3874 947 3955 istam,
965 3896 1085 3958 parum
1108 3875 1332 3957 exploratam,
1358 3891 1459 3936 accu-

373 3965 446 4050 rate
462 3958 645 4035 solvamuS,
671 3957 831 4021 bisbinis
854 3957 1006 4022 ducimus
1029 3958 1239 4023 innitendum
1267 3975 1340 4019 esse
1368 3956 1459 4039 prin·

373 4059 492 4122 crpus:
1304 4067 1307 4075 ¹

400 4258 505 4305 lImmo
521 4257 548 4305 in
562 4253 920 4305 PraenotandisSchematis
939 4257 1023 4304 Cone.
1036 4255 1167 4304 Vaticani
1186 4256 1219 4303 de
1240 4256 1377 4309 clausura,
1389 4250 1458 4300 haec

371 4315 512 4374 leguntur:
525 4333 533 4360 ι
545 4317 623 4364 Licet
632 4316 662 4363 C.
673 4313 748 4361 Trid.
768 4313 908 4361 incluserit
925 4312 952 4360 in
988 4313 1156 4361 rohibitione
1174 4314 1289 4361 feminas
1301 4313 1459 4374 nauseamque

371 4376 462 4437 neentis.
473 4380 563 4420 tamen
572 4387 626 4419 non
634 4372 731 4418 desunt
739 4371 785 4435 qui
798 4329 1007 4435 docentpuelias
1019 4371 1131 4418 minime
1143 4372 1171 4419 in
1181 4373 1239 4431 lege
1251 4368 1456 4429 comprehendr,

371 4443 436 4488 qula
446 4444 500 4476 non
511 4429 700 4477 habentusum
710 4437 831 4474 ratroms.
844 4445 853 4471 r
867 4428 976 4475 Collectio
991 4429 1098 4480 lacensis,
1113 4434 1132 4476 t.
1146 4443 1169 4486 7,
1182 4431 1235 4477 col.
1248 4436 1301 4486 679.

398 4487 562 4543 ffAvanzini,
574 4488 611 4533 De
622 4486 650 4534 C.
663 4485 811 4544 apostolieae
821 4485 896 4534 Sedis.
911 4490 976 4542 eto,
990 4491 1043 4532 not.
1059 4493 1095 4532 30.
