3134 5016
85 669 88 676 ,
202 614 609 722 stttttltlltttttt
647 619 755 722 lllltd
805 607 868 722 Ι0Γί
908 533 1141 724 lottlltlt

518 795 828 900 ttttttllotttt

175 1061 257 1122 Post
271 1059 463 1122 absolutum
478 1059 542 1122 hoc
554 1059 647 1143 prius
661 1066 813 1123 nostrum
826 1061 874 1123 De
885 1057 1054 1142 Religiosis
1065 1060 1220 1124 Instantis

135 1161 163 1216 el
176 1154 321 1218 Persoee's
333 1157 503 1234 volumen,
520 1157 562 1217 ad
579 1176 640 1219 nos
656 1158 786 1239 perlata
802 1163 853 1219 est
869 1155 1064 1219 deliberatio
1081 1158 1117 1220 S.
1132 1155 1219 1220 Con-

134 1255 342 1340 gregatio'nis
353 1257 600 1339 Episcoporum
613 1263 646 1318 et
661 1256 893 1338 Regularium,
910 1255 1026 1320 habita
1039 1255 1072 1318 in
1088 1256 1220 1321 Palatio

135 1353 313 1430 Vatican0‚
342 1352 393 1415 die
420 1357 460 1414 28
482 1350 568 1433 junii
598 1373 688 1432 1901,
717 1370 803 1432 quae
830 1352 895 1413 hoc
918 1351 1017 1413 titulo
1041 1352 1164 1433 prodiit
1187 1352 1220 1415 in

68 1468 72 1478 ·
135 1450 261 1512 lucem:
286 1449 425 1512 Normee
448 1442 616 1508 secundam
639 1465 715 1526 ques
741 1445 776 1508 S.
803 1445 922 1527 Congr.
950 1443 1172 1527 Episcoporum
1194 1453 1223 1508 et

134 1542 341 1623 Regulere'um
364 1540 524 1622 procedere
552 1539 627 1603 solet
655 1541 688 1602 e'n
717 1539 921 1622 approbandis
951 1540 1037 1602 novis
1064 1541 1220 1606 Institule's

134 1644 274 1701 notorem
287 1633 485 1716 sinplieium.
502 1637 622 1715 Porr0,
648 1635 854 1704 Constitutio
876 1635 1051 1716 pontilicia'
1072 1635 1222 1702 Conditoe

134 1754 155 1795 a
181 1730 306 1795 Christo
331 1730 535 1792 authenticis
562 1729 635 1794 istis
651 1730 736 1792 actis
752 1728 895 1792 feliciter
917 1730 1101 1812 perficitur,
1120 1752 1217 1814 quae,

135 1823 290 1906 quamvis
306 1823 426 1887 stricta
441 1823 524 1904 legis
540 1824 573 1886 vi
589 1843 656 1886 non
672 1823 832 1905 polleant,
854 1843 984 1887 summo
1005 1833 1118 1888 tamen
1141 1838 1221 1891 sunt

136 1920 170 1982 in
183 1918 292 2001 pretio
305 1917 473 1982 habenda.
487 1920 731 2000 Praeterquam
744 1917 832 1981 enim
845 1918 934 2000 quod
946 1919 986 1981 de
999 1922 1220 2002 procurandis

137 2021 170 2077 et
185 2014 331 2076 vitandis
348 2013 380 2076 in
405 2013 687 2095 Congregationis
713 2013 923 2077 ordinatione
946 2014 982 2078 S.
1000 2014 1095 2078 Sedis
1111 2018 1221 2097 prole-

137 2116 215 2172 runt
227 2109 403 2192 judicium,
417 2108 670 2190 perlectumque
683 2108 834 2171 Instituti
851 2116 1008 2174 votorum
1021 2111 1221 2193 simplicium

136 2204 304 2287 specimen
338 2203 546 2281 describunt,
577 2205 824 2268 declarationes
855 2205 1017 2285 quasdam
1047 2206 1223 2271 continent

136 2296 256 2377 quibus
270 2315 336 2358 non
354 2297 469 2378 paucis
486 2295 594 2378 dubiis
612 2304 706 2358 certa
717 2297 788 2379 jam
805 2295 945 2360 affertur
962 2299 1097 2362 soluti0.
1219 2379 1222 2388 ,

177 2391 227 2453 De
241 2391 409 2453 Institutis
425 2399 538 2453 autem
556 2398 715 2454 votorum
728 2391 941 2474 simplicium,
967 2392 1134 2478 quomodo
1156 2394 1223 2457 sint

135 2488 178 2550 ad
187 2489 268 2549 istas
277 2507 413 2551 normas
426 2488 666 2570 componenda,
676 2486 784 2550 fusius
793 2488 943 2550 dicemus
956 2489 989 2552 in
1001 2491 1109 2552 altero
1117 2479 1221 2554 tome.¹

177 2583 304 2646 Verum
327 2583 379 2646 his
404 2604 516 2666 pauca
531 2584 611 2646 dare
638 2582 734 2645 nobis
756 2583 867 2647 visum
891 2590 942 2646 est
969 2604 1066 2665 quae,
1084 2606 1125 2647 ex
1150 2585 1223 2650 istis

136 2679 274 2757 normis,
292 2685 371 2740 sunt
387 2678 420 2742 in
438 2679 549 2762 priore
567 2683 658 2740 tomo
679 2678 911 2742 confirmanda
933 2680 988 2743 vel
1010 2680 1222 2762 corrigenda.

177 2775 218 2836 N
235 2775 288 2836 61.
306 2774 342 2835 In
356 2781 529 2856 posterum
547 2794 614 2836 non
628 2773 698 2855 jam
712 2774 946 2854 probabuntur
958 2775 1119 2838 Instituta
1130 2795 1223 2839 soro·

138 2887 211 2929 rum
238 2886 323 2946 quae
346 2869 445 2930 simili
468 2869 618 2930 virorum
636 2869 708 2930 Inst
695 2867 809 2946 tituto,
828 2870 894 2931 inst
897 2885 979 2931 ara
974 2870 1141 2948 Ordinis,
1156 2865 1224 2935 sint

137 2961 295 3024 obnoxia.
313 2963 400 3037 (Art.
422 2982 458 3041 17
475 2971 508 3023 et
524 2965 590 3040 5²)

178 3055 220 3118 N.
237 3055 295 3118 62·
297 3055 351 3132 64.
367 3054 449 3116 Vult
465 3055 501 3117 S.
518 3055 721 3136 Congrt'ega
715 3075 745 3116 to
762 3064 798 3117 ut
814 3057 1007 3120 abstrncan
994 3005 1223 3142 tusurpandis

136 3150 249 3212 verbis
266 3169 351 3230 quae
367 3150 504 3232 propria
525 3158 604 3212 sunt
628 3149 792 3213 Ordinum
821 3159 977 3214 votorum
1001 3154 1223 3221 sollemnium.

137 3246 231 3308 Haec
245 3245 302 3307 dat
289 3247 485 3326 texempla:
502 3243 633 3326 Regula,
650 3243 785 3328 Religio,
801 3247 925 3309 Monesi
913 3248 1034 3317 (erdem,
1053 3247 1225 3319 Mortales:

52 3361 58 3370 ‘
137 3357 282 3423 quorum
298 3342 371 3403 loco
388 3341 564 3403 dicendum
581 3347 644 3408 est.
663 3339 719 3402 ubi
737 3341 775 3402 de
792 3342 952 3404 Instituto
968 3352 1125 3405 votorum
1146 3344 1223 3406 sim·

137 3436 271 3517 plicium
294 3436 418 3515 agitur,
437 3435 687 3503 Constitute'enes,
716 3434 933 3520 Congregete'o‚
953 3456 1012 3499 seu
1029 3435 1221 3509 Institutum,

138 3532 267 3597 Domus,
287 3529 425 3594 Sorores
444 3533 531 3609 (Art.
550 3534 616 3609 32.)

179 3626 221 3687 N.
238 3641 291 3704 91.
309 3626 336 3686 A
352 3626 487 3707 proprie
509 3624 600 3687 dicto
616 3625 744 3688 Decreto
760 3625 875 3696 luridis,
894 3646 959 3706 quo
975 3625 1171 3691 Institutum
1191 3628 1224 3690 in

139 3719 369 3782 condicionem
397 3727 515 3782 coetus
543 3720 705 3803 pontificii
724 3721 811 3804 juris
838 3722 982 3802 primum
1005 3721 1222 3802 transfertur,

139 3815 254 3877 sedulo
271 3813 528 3895 distinguendae
543 3823 623 3877 sunt
639 3815 771 3878 litterae
787 3813 985 3878 Pontificiae
998 3815 1118 3896 quibus
1135 3837 1225 3880 mere

139 3908 428 3985 commendantur,
442 3927 510 3969 non
523 3907 656 3988 quidem
671 3907 779 3990 ipsum
792 3908 1069 3984 Institutum‚sed
1083 3908 1225 3972 intentio

140 4001 322 4063 conditoris
345 4010 378 4063 et
401 4021 523 4083 scopus
551 4001 698 4082 incoepti
724 4001 768 4083 pii
796 4000 919 4081 operis.
938 4000 1000 4063 His
1022 4021 1089 4064 non
1106 4001 1227 4066 desinit

139 4114 213 4157 esse
228 4095 423 4157 institutum
442 4095 689 4157 dioecesanum.
708 4097 796 4173 (Art.
820 4116 846 4157 1.
864 4098 910 4174 2.)

181 4191 222 4253 N.
240 4189 394 4267 185·190.
421 4191 615 4253 Novitiatus
642 4189 771 4252 initium
792 4190 895 4252 habet
911 4211 932 4252 a
957 4198 1128 4254 momento
1152 4211 1226 4255 sus-

140 4285 227 4368 cepti
256 4283 405 4347 habitus.
440 4287 527 4364 (Art.
562 4289 628 4366 71.)
660 4286 835 4365 Integrum
867 4285 1060 4348 Novitiatus
1091 4292 1224 4369 tempus

140 4377 393 4460 transigendum
420 4388 471 4443 est
493 4381 525 4444 in
549 4382 647 4444 domo
669 4380 711 4442 ad
734 4380 799 4442 hoc
831 4402 851 4444 a
877 4381 913 4444 S.
947 4380 1221 4463 Congregatione

142 4477 296 4559 probata.
315 4475 402 4552 (Art.
421 4478 486 4556 76.)
