3138 5014
149 449 208 529 [43
212 448 245 527 7]
536 469 572 504 na
588 468 762 504 uruanncurn
777 467 929 504 rurrnroar
1174 445 1231 508 961

179 620 207 676 4.
226 601 317 659 Porro
328 597 490 660 alienantes
503 601 582 658 bona
596 602 651 659 ista
663 598 725 659 sine
738 595 915 679 berreplaee'lo
928 596 1097 678 apostoliea,
1115 599 1234 658 eadem·

145 703 204 760 qne
230 681 356 764 recipere
376 685 595 764 praesumentes
622 687 791 759 plectuntur
816 685 1127 742 excommunicatione
1158 684 1234 742 latae

145 778 220 827 sent.
238 769 353 826 nemini
364 782 525 828 reservata.
539 769 574 828 C.
588 765 774 848 Apostolieae
787 763 884 827 Sedis.

158 887 161 892 ι
181 853 280 910 Poena
295 854 350 910 ista
362 849 453 910 afficit
466 871 536 910 cum
552 871 602 910 eos
613 850 775 913 alienantes
786 853 894 925 quibus
905 851 1123 909 administratio
1132 867 1233 909 rerum

145 937 411 995 ecclesiasticarum
425 947 469 994 est
483 939 656 1007 commissa,
672 937 760 1010 idque
774 955 792 994 a
807 946 962 994 momento
978 937 1027 993 ubi
1043 935 1184 993 alienatio
1197 936 1235 992 sit

145 1022 279 1078 absolute
293 1018 430 1094 perfecta,
438 1032 502 1078 tum
515 1022 565 1096 qui
576 1040 612 1080 ea
622 1022 752 1096 recipere
757 1022 964 1099 praesentant.
973 1019 1012 1077 Hi
1023 1037 1092 1094 ergo
1103 1018 1234 1094 qualibet

145 1105 311 1178 ignorantia
324 1117 505 1164 excusantur
518 1124 536 1162 a
547 1123 654 1180 poena.

180 1189 312 1247 Poenam
329 1188 476 1263 effugiunt
488 1190 507 1246 ii
521 1191 572 1263 qui
586 1190 740 1248 subseciva
754 1197 871 1247 tantum
889 1190 1003 1247 ratione
1022 1195 1217 1262 cooperantur
1223 1201 1231 1256 3

144 1272 238 1329 immo
249 1272 414 1329 alienantes
424 1273 562 1347 Episcopi
572 1284 601 1332 et
613 1274 753 1344 Abbates,
775 1293 844 1331 cum
860 1275 890 1332 hi
910 1273 1062 1347 superiore
1078 1275 1145 1350 jam
1165 1270 1233 1349 jure

143 1357 308 1430 plectantur
321 1358 476 1414 interdicto
488 1359 526 1414 ab
540 1359 673 1431 ingressu
688 1359 849 1416 Ecclesiae.
869 1357 1053 1428 Lehmkuhl,
1073 1373 1105 1426 11,
1122 1373 1151 1429 p.
1168 1355 1231 1429 364,

143 1437 451 1512 Ballerini·Palmieri,
468 1443 486 1499 l.
498 1461 536 1513 c.‚
554 1442 730 1515 Bucceroni,
748 1439 847 1503 Theoi.
859 1460 936 1502 enon.
948 1461 982 1514 rr,
993 1461 1022 1517 p.
1030 1442 1094 1517 364.
1107 1441 1231 1509 Wernz,

143 1533 254 1595 tamen,
283 1542 314 1583 n.
340 1541 400 1599 170,
428 1528 618 1599 posteriorem
648 1529 725 1585 hanc
751 1528 962 1602 exceptionem.
980 1527 1097 1605 judicat
1123 1526 1233 1599 impro-

143 1605 283 1665 babilem.

181 1689 308 1746 Peccato
332 1698 362 1746 et
380 1707 477 1763 poena
496 1693 648 1751 immunes
668 1704 737 1751 sunt
756 1695 817 1768 qui,
846 1695 969 1772 tergente
994 1687 1171 1762 necessitate,
1194 1708 1232 1749 ne

143 1773 281 1830 transiret
291 1783 458 1846 opportuna
469 1777 594 1846 occasio,
605 1779 779 1835 consuluere
789 1779 867 1834 bono
875 1777 1034 1847 Ecclesiae,
1042 1793 1103 1833 non
1113 1792 1232 1848 exspec-

143 1865 204 1912 tato
217 1855 413 1929 beneplacito.
429 1857 463 1914 C.
477 1857 668 1931 d’Annibale,
679 1855 846 1924 ,Sanannela
860 1879 904 1932 ru,
917 1879 947 1918 n.
959 1877 1004 1934 79.
1019 1859 1162 1917 Similiter
1180 1859 1231 1932 qui

144 1940 209 2012 lege
222 1939 317 1996 coacti
337 1952 406 1997 sunt
422 1959 476 1998 suo
489 1944 592 2001 cedere
605 1945 739 2002 dominio
760 1947 824 2019 ipsa
843 1945 1019 2003 necessitate
1039 1952 1229 2000 excusantur.

179 2023 242 2080 Nec
257 2033 372 2080 constat
383 2029 728 2086 excommunicationem
740 2029 888 2086 committi
900 2045 969 2085 cum
983 2044 1030 2084 res
1042 2019 1232 2098 comparatur

143 2105 181 2168 ab
204 2106 297 2164 altero
316 2105 450 2182 ejusdem
470 2110 581 2167 ordinis
604 2113 784 2168 monasterio
796 2128 805 2181 ς
823 2112 864 2169 ita
887 2111 1017 2183 benigna
1040 2108 1228 2182 quorundam

141 2190 254 2263 opinio,
275 2191 323 2246 cui
339 2201 441 2249 tamen
457 2192 486 2250 S.
503 2193 703 2268 Congregatio
717 2195 870 2268 astipulari
885 2195 990 2251 noluit.
1004 2190 1065 2250 cfr.
1080 2191 1115 2249 C.
1130 2190 1228 2259 Petra,

142 2285 162 2331 t.
176 2292 204 2348 4,
223 2275 253 2330 in
267 2275 301 2332 C.
320 2274 338 2331 6
356 2275 510 2334 Benedicti
530 2295 583 2350 xu,
599 2299 629 2336 n.
650 2296 685 2352 33
704 2297 757 2354 sqq
768 2296 777 2349 3
798 2279 832 2336 C.
854 2277 1043 2347 d'Annibale,
1065 2293 1111 2345 111,
1131 2293 1163 2331 n.
1183 2289 1229 2347 ’,9.

178 2373 205 2432 5.
230 2359 349 2416 Praeter
376 2362 454 2418 hanc
478 2380 618 2435 poenam,
642 2363 838 2420 alienationes
864 2362 939 2419 istae
961 2370 1031 2418 sunt
1050 2354 1140 2438 pleno
1158 2353 1231 2436 jare

141 2439 257 2514 irritae,
285 2444 390 2502 saltem
418 2464 495 2520 quae
521 2448 585 2506 sine
608 2448 690 2526 justa
715 2465 806 2505 causa
834 2447 894 2504 sint
919 2444 1024 2504 sactae.
1050 2445 1130 2501 Nam
1154 2459 1230 2518 quae

141 2525 236 2586 sactae
256 2540 326 2586 sunt
340 2548 376 2587 ex
391 2531 474 2608 justa
486 2550 576 2590 causa
595 2545 625 2590 et
648 2534 712 2590 sine
738 2533 880 2592 ecclesiae
901 2532 1080 2589 detrimento
1095 2547 1113 2586 a
1128 2529 1230 2586 multis

141 2612 333 2686 scriptoribus
346 2615 485 2673 dicuntur
498 2619 596 2674 valere
610 2619 640 2674 in
655 2614 717 2675 foro
731 2618 858 2674 interno.

175 2697 202 2755 6.
218 2696 292 2772 Ipsis
306 2700 504 2758 locationibus
523 2712 551 2759 et
566 2702 798 2768 alienationibus
818 2700 961 2758 iaciendis
980 2698 1171 2773 praestitutus
1185 2707 1229 2754 est

140 2783 302 2839 canonicus
314 2783 388 2840 ritus
401 2784 452 2858 qui
466 2786 544 2858 apud
559 2804 614 2844 nos
628 2787 677 2843 vix
691 2786 801 2844 servari
816 2795 913 2860 potest
927 2796 947 2842 1.
963 2783 1062 2860 Quare
1076 2782 1147 2839 satis
1162 2781 1227 2851 erit,

140 2866 171 2920 ni
191 2863 330 2936 fallimur,
351 2867 375 2924 si
389 2870 478 2938 bona,
493 2882 641 2942 quantum
664 2869 726 2928 fieri
749 2880 855 2944 potest,
870 2869 1009 2927 auctione
1023 2867 1142 2941 publica
1157 2883 1227 2922 ven-

140 2947 257 3003 dantur.
279 2944 376 3004 Immo
396 2952 427 3007 S.
451 2951 659 3026 Congregatio,
681 2973 750 3012 cum
779 2954 848 3011 sacit
872 2953 1043 3010 facultatem
1064 2951 1225 3022 alienandi,

141 3029 271 3100 postulat
285 3039 401 3088 tanturn
416 3042 449 3088 ut
457 3033 574 3109 justum
589 3039 716 3110 pretium
733 3039 911 3094 obtineatur.

180 3126 269 3190 437.
308 3126 468 3206 Quaeres
506 3133 583 3212 quid
613 3136 655 3196 de
685 3138 892 3197 nominibus
920 3133 960 3196 de
990 3133 1110 3214 quibus
1140 3132 1227 3196 fiunt

141 3214 308 3272 tractatus
324 3213 357 3272 in
376 3237 389 3264 <t
408 3213 519 3274 Brense's
539 3243 552 3270 ›>
575 3215 595 3298 (
595 3218 619 3278 T
617 3217 699 3286 eires,
712 3216 809 3298 fonds
818 3215 967 3298 pallios).

181 3292 246 3354 Per
272 3312 308 3354 se
330 3298 409 3355 sunt
432 3297 565 3359 mobilia
587 3301 753 3381 pretiosa3
783 3303 981 3383 plerumque
1011 3302 1125 3360 tamen
1156 3317 1225 3360 non

140 3374 272 3455 singula
294 3376 306 3406 ²
328 3377 386 3438 sed
410 3387 575 3459 quatenus
598 3401 639 3443 ex
660 3382 712 3445 his
735 3383 924 3445 concrescit
946 3400 1021 3443 sors
1047 3381 1223 3461 frugifera.

140 3458 267 3520 Verum
281 3479 321 3521 ea
334 3467 412 3522 sunt
426 3462 633 3543 condicione,
648 3472 815 3529 uteorum
826 3464 986 3542 venditio,
1006 3465 1226 3527 commutatio

139 3540 307 3625 pertineat
323 3543 364 3604 ad
376 3545 575 3625 prudentem
588 3549 780 3631 patrimonii
796 3546 1135 3610 administrationem.
1150 3547 1225 3610 Hac

140 3643 207 3686 non
235 3625 473 3690 existimantur
492 3631 662 3710 prohiberi
689 3631 831 3712 praelati
853 3631 907 3693 vel
932 3628 1225 3693 administratores

140 3726 253 3770 rerum
280 3710 598 3777 ecclesiasticarum.
623 3715 736 3797 Quare
768 3714 987 3776 alienationes
1015 3714 1096 3775 istas
1126 3719 1223 3795 puta-

140 3810 215 3852 mus
253 3791 376 3854 liberas
411 3794 607 3858 condicione
642 3795 842 3879 beneplaciti
868 3795 1044 3879 apostolici
1066 3795 1090 3874 ³,
1125 3797 1224 3859 modo

139 3893 181 3935 ne
216 3873 274 3935 fiat
310 3875 478 3957 prohibita
515 3880 700 3959 negotiatio
739 3898 825 3942 neve
866 3878 990 3942 sterilis
1032 3876 1224 3962 absumptio

420 4063 460 4070 ἡ..

169 4174 296 4225 ¹Videsis
309 4181 340 4228 C.
353 4179 481 4228 d'Annib.
494 4193 534 4238 ιιι,
548 4195 574 4229 n.
588 4189 625 4229 81.
667 4181 669 4185 '

166 4249 176 4282 ‘·'
188 4247 280 4295 Solent
291 4247 363 4296 enim
374 4248 486 4299 haerere
497 4251 568 4300 inira
581 4259 623 4300 500
635 4250 752 4299 libellas.

166 4315 285 4372 3Bouix,
306 4319 322 4366 l.
340 4332 363 4367 c.
382 4334 409 4379 p.
431 4331 483 4380 293,
503 4322 618 4371 afferens
636 4321 719 4370 etiam
741 4325 772 4372 C,
794 4325 835 4371 De
853 4324 939 4380 Luca,
961 4322 1077 4373 liberam
1093 4324 1226 4384 permittit

138 4374 341 4482 ggidergpltittfflm,
353 4379 419 4437 quia
429 4394 484 4485 rgon
495 4386 585 4429 essent
596 4380 709 4429 mobilia
719 4380 848 4442 pretiosa.
858 4383 900 4429 Ita
911 4381 994 4432 etiam
1001 4382 1163 4440 Bucceroni,
1173 4386 1224 4434 l.c.

240 4470 244 4481 .
309 4449 367 4492 rnz,
379 4449 429 4484 n.1
448 4456 470 4485 o.

1318 614 1418 661 Sanctio
1430 674 1434 682 ¹

1288 685 1444 740 excommnni-

1287 735 1400 778 caleante.

1318 1212 1423 1273 Quinam

1288 1271 1348 1318 tane
1365 1276 1418 1330 poe-

1287 1343 1344 1376 nam
1366 1343 1419 1376 eu-

1284 1388 1369 1445 girant.

1314 2381 1413 2429 Sanctio

1285 2439 1413 2488 nullitatt's.

1312 2723 1435 2771 Servanda

1281 2779 1371 2840 [orma.

1306 3169 1441 3216 Dralienn-

1282 3228 1344 3273 tione
1365 3229 1442 3274 atomi-

1281 3298 1346 3332 num.
