3142 5004
335 383 395 446 att}
441 422 444 429 ·
692 405 773 440 -rnas
788 403 902 452 parurn.
920 403 1010 440 cnrur
1026 404 1046 440 n

336 539 517 653 rctigorum
547 546 580 602 et
606 539 855 603 incredulorum
872 537 905 602 in
935 539 1025 602 illam
1055 539 1131 602 odio
1163 539 1172 590 ¹-
1201 541 1427 624 comprobata

334 631 386 686 est
417 650 458 684 .»
738 649 740 652 ·
1344 679 1345 684 ,

333 705 490 790 Justas
516 705 588 787 ejus
615 724 747 778 causas,
771 725 813 767 ex
833 703 924 768 vitae
946 705 1122 786 religiosae
1146 704 1334 768 rationibus
1367 709 1425 770 de·

359 794 519 870 romptas‚
537 787 583 852 ita
599 789 715 870 paucis
741 786 936 870 complexus
961 797 1012 851 est
1040 787 1102 851 SS.
1117 786 1188 860 Leo
1203 787 1270 852 ΡΡ.
1290 805 1364 869 xm,
1382 792 1423 858 C.

334 807 491 936 itimaros
512 869 689 952 Pontifices,
707 869 822 934 initio:
843 895 856 926 ‹
876 871 950 954 Quo
966 871 1083 933 melius
1100 869 1133 932 in
1150 869 1315 952 religiosis
1331 875 1423 940 ordi·

336 952 432 1016 nibus
448 954 562 1017 omnia
573 961 687 1016 essent
699 953 787 1016 inter
799 972 834 1015 se
847 961 927 1046 apta
939 961 1041 1034 atque
1058 972 1222 1032 connexa,
1233 973 1276 1016 ac
1289 956 1425 1024 sodales

334 1033 455 1116 singuli
481 1041 603 1119 pacato
615 1042 649 1098 et
671 1035 842 1117 aequabili*
850 1042 940 1098 vitae
953 1055 1055 1098 cursu
1070 1040 1263 1113 uterentur3
1279 1037 1424 1120 denique

334 1127 372 1180 ut
387 1124 477 1182 esset
490 1120 701 1182 incremento
716 1126 750 1182 et
765 1117 962 1200 perfectioni
978 1117 1141 1202 religiosae
1157 1121 1396 1184 conversationis
1412 1124 1424 1162 ³

334 1203 537 1264 consultum.
558 1229 571 1257 i>
1077 1253 1080 1260 .

374 1285 498 1365 Itaque
521 1303 702 1367 possumus
731 1282 884 1347 eandem¹
903 1283 1163 1366 exemptionem,
1194 1283 1262 1347 lere
1299 1284 1420 1349 imitati

333 1364 385 1428 De
410 1367 519 1445 Buck‚
548 1387 602 1448 op.
631 1366 687 1428 cit.
712 1385 744 1448 p.
772 1387 840 1447 124,
868 1366 921 1429 his
947 1366 1156 1448 argumentis
1183 1367 1413 1450 comprobare.

332 1449 398 1514 Per
414 1447 881 1530 exemptionemconsulitur:
1056 1501 1063 1513 ,
1196 1524 1198 1530 .
1247 1505 1250 1509 .

378 1553 403 1594 1.
426 1530 549 1594 Unrinii
564 1539 597 1594 et
620 1529 798 1612 discipliane
810 1530 938 1594 Ordinis
952 1529 1103 1614 religiosi,
1122 1532 1217 1614 cujus
1235 1531 1414 1614 genuinum

333 1614 487 1693 spiritum
506 1617 613 1696 magis
631 1613 791 1676 fovebunt
807 1614 932 1696 proprii
955 1615 1155 1698 Superiores
1172 1617 1214 1678 ad
1232 1618 1305 1698 ejus
1320 1635 1418 1698 pecu·

333 1697 448 1758 liarem
466 1697 609 1758 indolem
626 1694 810 1758 informati.

373 1799 404 1840 2.
421 1778 499 1840 Fini
514 1776 730 1840 universaliori
745 1797 846 1858 quam
863 1787 914 1841 est
930 1777 1029 1841 unius
1045 1779 1207 1843 dioecesis
1223 1779 1362 1860 bonum,
1378 1782 1420 1844 ad

333 1879 429 1944 quem
448 1861 639 1936 Religiones
655 1870 906 1940 consueverunt
924 1862 1033 1942 dirigi.
1288 1915 1318 1936 p.

374 1964 404 2022 3.
427 1943 588 2026 Digniinii
613 1948 641 2004 rt
666 1941 768 2004 decori
793 1943 883 2006 Sedis
909 1943 1110 2024 Apostolicnr,
1129 1947 1420 2029 cujussummum

332 2024 509 2107 imperium
525 2034 559 2088 ct
582 2024 805 2088 immediatam
823 2025 855 2088 in
883 2045 1000 2092 omnes
1018 2027 1157 2096 Christi
1183 2030 1297 2095 fideles
1316 2028 1419 2110 juris-

332 2109 511 2171 dictionem
537 2108 682 2188 religiosi
699 2109 844 2190 exempti
860 2109 1248 2190 luculenter'testantur‚
1266 2127 1310 2183 et,
1328 2110 1416 2190 quod

331 2191 512 2273 plurimum
529 2193 635 2256 valet.
656 2192 689 2253 in
705 2209 767 2258 sua
788 2211 892 2253 causa
914 2205 1077 2274 perpetuo
1098 2195 1333 2275 confirmatam
1354 2193 1419 2254 usu

331 2275 578 2339 demonstrant.
605 2274 662 2351 Et,
690 2274 717 2336 si
744 2293 810 2354 qua
833 2281 930 2366 parte
952 2275 1187 2356 impugnetur,
1213 2277 1314 2352 iidem
1341 2283 1424 2339 sunt.

331 2355 620 2438 illiuspotestatis
643 2357 748 2449 reluti
771 2363 842 2418 nati
865 2366 1055 2420 assertores
1079 2366 1112 2421 et
1134 2358 1342 2436 defensores,
1360 2378 1420 2442 per

330 2457 447 2503 omncs
463 2457 570 2520 sparsi
588 2457 755 2518 regiones
1289 2503 1292 2508 ,

370 2543 401 2601 4.
432 2520 519 2582 Bono
552 2519 747 2584 dioecesium.
778 2521 876 2597 Nam,
908 2528 1142 2604 praeterquam
1175 2520 1263 2612 quod„
1293 2521 1415 2602 liberat

329 2601 515 2684 Episcopus
531 2604 673 2664 molesta
695 2603 917 2667 sollicitudine
933 2611 966 2667 et
987 2623 1079 2679 cura,
1098 2602 1308 2684 privilegium
1325 2598 1416 2666 istud

330 2683 480 2757 stimulat
496 2684 664 2758 fervorem
680 2704 720 2748 ac
735 2686 844 2750 zelum
867 2687 1041 2766 utriusque
1064 2684 1153 2768 cleri,
1174 2683 1310 2770 inducta
1327 2682 1416 2748 inter

331 2771 520 2854 ptrpmque,
533 2768 678 2848 quadam
701 2777 820 2847 sancta
842 2767 1191 2852 aemulatiOss‘vftssUOd
1207 2766 1325 2852 inuno
1347 2765 1415 2828 ior·

330 2852 420 2922 tasse
434 2849 655 2930 desideretur,
666 2849 813 2934 iaciqleab
823 2851 931 2934 altero
940 2844 1130 2934 suppletum
1144 2846 1416 2936 impedit'quomi-¹

330 2951 393 2993 nus
420 2932 611 3012 contagium
642 2933 766 2996 erroris
795 2939 897 3013 atque
927 2933 1088 3006 'vitiorum
1114 2931 1214 3014 facile
1241 2933 1416 2996 universa-in

330 3015 456 3100 clerum
472 3022 506 3077 ct
517 3014 657 3078 subinde
669 3017 828 3099 populum
841 3017 979 3094 inficiat,
994 3015 1097 3098 atque
1113 3016 1273 3100 majorem
1286 3015 1416 3098 copiam

329 3095 520 3180 suppeditat
541 3097 785 3177 ministrorum,
814 3099 870 3180 qui
893 3101 1011 3161 sancte
1034 3102 1152 3162 eorum
1171 3098 1302 3163 animos
1318 3099 1417 3170 eicco·

265 3251 267 3256 ,
329 3181 422 3242 lant:
447 3180 543 3264 Quod
566 3180 778 3244 commodum
794 3181 933 3264 opponit
968 3182 1004 3245 S.
1032 3181 1184 3245 Thomas
1208 3181 1416 3245 Gulielmoa
1470 3187 1476 3199 ·

329 3263 365 3327 S.
382 3263 506 3326 Amore
528 3263 561 3326 in
583 3265 700 3348 opusc.
727 3273 774 3344 19,
799 3264 916 3328 Contra
938 3264 1153 3348 impugnantes
1173 3263 1236 3329 Dei
1258 3257 1373 3327 cuiinrn
1388 3269 1417 3324 et

327 3343 518 3428 religionem,
537 3348 615 3410 cla.
711 3353 715 3363 ”
943 3365 945 3369 ·
1021 3387 1024 3392 ·
1112 3369 1114 3372 ·
1210 3369 1212 3373 ·
1299 3392 1302 3396 -

369 3447 399 3508 5.
423 3430 511 3491 Bono
537 3429 691 3492 communi
716 3429 820 3492 totius
846 3429 1033 3508 Ecclesiae,
1059 3428 1102 3491 ad
1130 3429 1219 3510 quod
1233 3429 1414 3512 plurimum

328 3511 431 3573 refert
460 3519 497 3573 ut
531 3510 651 3574 floreat
685 3518 796 3575 status
818 3511 1006 3594 religiosuS,
1038 3511 1074 3576 S.
1102 3513 1198 3576 Sedis
1224 3512 1412 3574 auctoritas

328 3600 445 3658 sancte
473 3598 641 3670 servetur,
672 3593 824 3674 singulae
854 3594 1024 3658 dioeceses
1055 3594 1285 3677 spiritualibus
1316 3592 1412 3656 bonis

327 3673 564 3755 abundept3et
579 3676 633 3738 cui
649 3677 791 3740 maxime
808 3676 944 3760 prodest
960 3677 1089 3754 haberi,
1107 3684 1244 3760 praeter
1260 3675 1411 3742 militiam

346 3931 423 3995 ,Vlia
442 3919 553 3985 sumat
573 3939 629 3982 1880
649 3931 751 3992 iniquis
769 3931 887 3981 decretis
902 3931 1026 3997 religiosi
1042 3947 1058 3982 e
1077 3932 1168 3982 Gallia
1187 3939 1251 3996 sunt
1270 3933 1341 3995 pulsi
1360 3933 1433 3985 nisi'

326 3989 401 4036 civili
413 3997 500 4036 essent
511 3994 645 4047 potestate
656 3989 774 4049 probati,
787 3990 833 4051 qui
846 3990 956 4050 probari
970 3993 1070 4049 uellent
1085 3991 1137 4040 sub
1154 3992 1413 4056 pote-statemldltio·

325 4047 550 4108 nemquecadere
558 4045 695 4100 debebant
704 4048 1018 4110 EpiscopiQuodmova
1027 4049 1415 4110 saevienteprocella,instau-

228 4169 230 4173 .
325 4111 413 4170 ratum
426 4111 465 4162 est
476 4113 527 4152 art.
542 4123 567 4163 19
578 4105 680 4153 decreti
693 4101 826 4165 praesidis
837 4105 1017 4167 reipublicae,
1032 4121 1137 4173 inaug..
1148 4126 1214 4166 1901.

354 4176 419 4222 2Εκ
443 4174 539 4223 litteris
557 4174 639 4223 Arch.
667 4175 883 4234 Mechliniensis,
907 4183 932 4226 15
948 4177 1006 4238 J'an.
1028 4185 1093 4226 1836.
1115 4177 1171 4227 Cir.
1191 4179 1291 4225 Statana
1311 4179 1413 4228 Mecili-

234 4250 238 4260 ν
324 4233 426 4292 nicasia,
439 4233 576 4292 appendix
587 4241 623 4282 23'.

352 4305 364 4367 ³.
374 4297 400 4367 S)
414 4305 494 4363 Greg.
508 4305 547 4352 M.
560 4303 646 4370 Epist.
658 4313 680 4362 3,
689 4306 706 4354 l.
716 4297 743 4364 9'3
755 4306 821 4355 Ben.
831 4319 886 4364 xlv,
897 4274 984 4373 Epist
997 4307 1105 4361 Deeret.
1116 4279 1412 4377 ApostoliraeServittnis,

324 4361 681 4426 prrdreldusmart11,1742.
769 4389 773 4395 ,
792 4390 795 4396 ,
1414 4402 1416 4406 .
