<?xml version="1.0" encoding="UTF-8"?>
<!DOCTYPE html PUBLIC "-//W3C//DTD XHTML 1.0 Transitional//EN"
    "http://www.w3.org/TR/xhtml1/DTD/xhtml1-transitional.dtd">
<html xmlns="http://www.w3.org/1999/xhtml" xml:lang="en" lang="en">
 <head>
  <title>
</title>
<meta http-equiv="Content-Type" content="text/html;charset=utf-8" />
  <meta name='ocr-system' content='tesseract 3.04.00' />
  <meta name='ocr-capabilities' content='ocr_page ocr_carea ocr_par ocr_line ocrx_word'/>
</head>
<body>
  <div class='ocr_page' id='page_1' title='image "./dereligiosisins00vermgoog_0268.png"; bbox 0 0 3142 5004; ppageno 0'>
   <div class='ocr_carea' id='block_1_1' title="bbox 123 437 1208 521">
    <p class='ocr_par' dir='ltr' id='par_1_1' title="bbox 123 437 1208 521">
     <span class='ocr_line' id='line_1_1' title="bbox 123 437 1208 521; baseline -0.011 -19"><span class='ocrx_word' id='word_1_1' title='bbox 123 438 308 521; x_wconf 80' lang='grc'><strong><em>[388-389]</em></strong></span> <span class='ocrx_word' id='word_1_2' title='bbox 471 459 508 492; x_wconf 79' lang='lat' dir='ltr'>oa</span> <span class='ocrx_word' id='word_1_3' title='bbox 523 456 679 492; x_wconf 72' lang='lat' dir='ltr'>EXTERIORE</span> <span class='ocrx_word' id='word_1_4' title='bbox 696 457 869 492; x_wconf 77' lang='lat' dir='ltr'>nraaaaemx</span> <span class='ocrx_word' id='word_1_5' title='bbox 1148 437 1208 500; x_wconf 72' lang='lat'><strong>⁶233</strong></span> 
     </span>
    </p>
   </div>
   <div class='ocr_carea' id='block_1_2' title="bbox 120 589 1218 2346">
    <p class='ocr_par' dir='ltr' id='par_1_2' title="bbox 120 589 1214 1426">
     <span class='ocr_line' id='line_1_2' title="bbox 156 589 1208 664; baseline 0 -14"><span class='ocrx_word' id='word_1_6' title='bbox 156 593 305 650; x_wconf 85' lang='lat' dir='ltr'>Posterior</span> <span class='ocrx_word' id='word_1_7' title='bbox 341 591 459 648; x_wconf 90' lang='lat' dir='ltr'>dicendi</span> <span class='ocrx_word' id='word_1_8' title='bbox 495 590 613 659; x_wconf 86' lang='lat' dir='ltr'>modus,</span> <span class='ocrx_word' id='word_1_9' title='bbox 636 607 727 663; x_wconf 93' lang='lat' dir='ltr'>quem</span> <span class='ocrx_word' id='word_1_10' title='bbox 756 589 987 663; x_wconf 90' lang='lat' dir='ltr'>improbandum</span> <span class='ocrx_word' id='word_1_11' title='bbox 1020 593 1208 664; x_wconf 85' lang='lat' dir='ltr'>arbitramur,</span> 
     </span>
     <span class='ocr_line' id='line_1_3' title="bbox 120 673 1211 750; baseline 0.001 -16"><span class='ocrx_word' id='word_1_12' title='bbox 120 679 236 735; x_wconf 89' lang='lat' dir='ltr'>videtur</span> <span class='ocrx_word' id='word_1_13' title='bbox 257 686 346 734; x_wconf 90' lang='lat' dir='ltr'>natus</span> <span class='ocrx_word' id='word_1_14' title='bbox 372 694 408 734; x_wconf 89' lang='lat' dir='ltr'>ex</span> <span class='ocrx_word' id='word_1_15' title='bbox 432 673 618 732; x_wconf 82' lang='lat' dir='ltr'>confusione.</span> <span class='ocrx_word' id='word_1_16' title='bbox 645 673 865 732; x_wconf 88' lang='lat' dir='ltr'>Existimarunt</span> <span class='ocrx_word' id='word_1_17' title='bbox 890 675 1037 748; x_wconf 87' lang='lat' dir='ltr'>siquidem</span> <span class='ocrx_word' id='word_1_18' title='bbox 1064 695 1115 750; x_wconf 91' lang='lat' dir='ltr'>per</span> <span class='ocrx_word' id='word_1_19' title='bbox 1140 687 1211 736; x_wconf 88' lang='lat' dir='ltr'>vota</span> 
     </span>
     <span class='ocr_line' id='line_1_4' title="bbox 120 754 1210 836; baseline 0 -18"><span class='ocrx_word' id='word_1_20' title='bbox 120 761 257 834; x_wconf 89' lang='lat' dir='ltr'>religiosa</span> <span class='ocrx_word' id='word_1_21' title='bbox 283 758 409 817; x_wconf 84' lang='lat' dir='ltr'>conferri</span> <span class='ocrx_word' id='word_1_22' title='bbox 436 759 647 832; x_wconf 83' lang='lat' dir='ltr'>Superioribus</span> <span class='ocrx_word' id='word_1_23' title='bbox 668 754 854 836; x_wconf 76' lang='lat' dir='ltr'>peculiarem</span> <span class='ocrx_word' id='word_1_24' title='bbox 875 759 1008 832; x_wconf 82' lang='lat' dir='ltr'>aliquam</span> <span class='ocrx_word' id='word_1_25' title='bbox 1034 769 1210 833; x_wconf 90' lang='lat' dir='ltr'>potestatem</span> 
     </span>
     <span class='ocr_line' id='line_1_5' title="bbox 121 841 1211 921; baseline -0.001 -17"><span class='ocrx_word' id='word_1_26' title='bbox 121 865 212 921; x_wconf 89' lang='lat' dir='ltr'>quam</span> <span class='ocrx_word' id='word_1_27' title='bbox 241 841 462 905; x_wconf 74' lang='lat' dir='ltr'>dominativum</span> <span class='ocrx_word' id='word_1_28' title='bbox 488 845 686 918; x_wconf 86' lang='lat' dir='ltr'>appellarunt,</span> <span class='ocrx_word' id='word_1_29' title='bbox 714 861 842 918; x_wconf 86' lang='lat' dir='ltr'>eamque</span> <span class='ocrx_word' id='word_1_30' title='bbox 866 845 936 902; x_wconf 85' lang='lat' dir='ltr'>dein</span> <span class='ocrx_word' id='word_1_31' title='bbox 963 846 1129 903; x_wconf 90' lang='lat' dir='ltr'>tribuerunt</span> <span class='ocrx_word' id='word_1_32' title='bbox 1155 846 1211 920; x_wconf 91' lang='lat' dir='ltr'>ipsi</span> 
     </span>
     <span class='ocr_line' id='line_1_6' title="bbox 122 929 1211 1003; baseline -0.001 -15"><span class='ocrx_word' id='word_1_33' title='bbox 122 930 270 1002; x_wconf 87' lang='lat' dir='ltr'>Pontifici,</span> <span class='ocrx_word' id='word_1_34' title='bbox 296 941 329 988; x_wconf 91' lang='lat' dir='ltr'>ut</span> <span class='ocrx_word' id='word_1_35' title='bbox 352 929 535 1003; x_wconf 76' lang='lat' dir='ltr'>explicarent</span> <span class='ocrx_word' id='word_1_36' title='bbox 555 929 707 1002; x_wconf 91' lang='lat' dir='ltr'>quomodo</span> <span class='ocrx_word' id='word_1_37' title='bbox 723 929 754 985; x_wconf 93' lang='lat' dir='ltr'>in</span> <span class='ocrx_word' id='word_1_38' title='bbox 773 930 882 986; x_wconf 88' lang='lat' dir='ltr'>virtute</span> <span class='ocrx_word' id='word_1_39' title='bbox 895 929 1081 988; x_wconf 89' lang='lat' dir='ltr'>obedientiae</span> <span class='ocrx_word' id='word_1_40' title='bbox 1101 931 1211 1003; x_wconf 89' lang='lat' dir='ltr'>praeci·</span> 
     </span>
     <span class='ocr_line' id='line_1_7' title="bbox 123 1011 1213 1089; baseline -0.002 -16"><span class='ocrx_word' id='word_1_41' title='bbox 123 1034 191 1089; x_wconf 88' lang='lat' dir='ltr'>pere</span> <span class='ocrx_word' id='word_1_42' title='bbox 206 1025 333 1089; x_wconf 91' lang='lat' dir='ltr'>votaque</span> <span class='ocrx_word' id='word_1_43' title='bbox 353 1012 466 1072; x_wconf 88' lang='lat' dir='ltr'>irritare</span> <span class='ocrx_word' id='word_1_44' title='bbox 488 1014 550 1086; x_wconf 90' lang='lat' dir='ltr'>ipse</span> <span class='ocrx_word' id='word_1_45' title='bbox 574 1013 695 1070; x_wconf 90' lang='lat' dir='ltr'>valeret.</span> <span class='ocrx_word' id='word_1_46' title='bbox 720 1011 780 1071; x_wconf 88' lang='lat' dir='ltr'>Cir.</span> <span class='ocrx_word' id='word_1_47' title='bbox 804 1013 914 1070; x_wconf 76' lang='lat' dir='ltr'>Suarez</span> <span class='ocrx_word' id='word_1_48' title='bbox 936 1014 956 1071; x_wconf 90' lang='lat' dir='ltr'>l.</span> <span class='ocrx_word' id='word_1_49' title='bbox 979 1032 1006 1072; x_wconf 92' lang='lat' dir='ltr'>c.</span> <span class='ocrx_word' id='word_1_50' title='bbox 1022 1023 1051 1071; x_wconf 92' lang='lat' dir='ltr'>et</span> <span class='ocrx_word' id='word_1_51' title='bbox 1065 1033 1091 1072; x_wconf 91' lang='lat' dir='ltr'>c.</span> <span class='ocrx_word' id='word_1_52' title='bbox 1106 1028 1134 1088; x_wconf 85' lang='lat'>5.</span> <span class='ocrx_word' id='word_1_53' title='bbox 1148 1013 1213 1071; x_wconf 89' lang='lat' dir='ltr'>Nec</span> 
     </span>
     <span class='ocr_line' id='line_1_8' title="bbox 123 1095 1213 1175; baseline -0.001 -19"><span class='ocrx_word' id='word_1_54' title='bbox 123 1102 210 1175; x_wconf 90' lang='lat' dir='ltr'>plane</span> <span class='ocrx_word' id='word_1_55' title='bbox 223 1109 310 1168; x_wconf 89' lang='lat' dir='ltr'>recte,</span> <span class='ocrx_word' id='word_1_56' title='bbox 332 1099 382 1156; x_wconf 89' lang='lat' dir='ltr'>sed</span> <span class='ocrx_word' id='word_1_57' title='bbox 396 1099 494 1171; x_wconf 89' lang='lat' dir='ltr'>potius</span> <span class='ocrx_word' id='word_1_58' title='bbox 516 1098 621 1154; x_wconf 89' lang='lat' dir='ltr'>eadem</span> <span class='ocrx_word' id='word_1_59' title='bbox 640 1097 755 1170; x_wconf 88' lang='lat' dir='ltr'>decepti</span> <span class='ocrx_word' id='word_1_60' title='bbox 779 1095 964 1168; x_wconf 88' lang='lat' dir='ltr'>confusione,</span> <span class='ocrx_word' id='word_1_61' title='bbox 984 1098 1045 1168; x_wconf 89' lang='lat' dir='ltr'>alii,</span> <span class='ocrx_word' id='word_1_62' title='bbox 1065 1098 1117 1172; x_wconf 93' lang='lat' dir='ltr'>qui</span> <span class='ocrx_word' id='word_1_63' title='bbox 1136 1099 1213 1156; x_wconf 88' lang='lat' dir='ltr'>bene</span> 
     </span>
     <span class='ocr_line' id='line_1_9' title="bbox 123 1181 1214 1258; baseline -0.002 -16"><span class='ocrx_word' id='word_1_64' title='bbox 123 1186 243 1258; x_wconf 91' lang='lat' dir='ltr'>quidem</span> <span class='ocrx_word' id='word_1_65' title='bbox 253 1202 272 1240; x_wconf 90' lang='lat' dir='ltr'>a</span> <span class='ocrx_word' id='word_1_66' title='bbox 284 1183 315 1241; x_wconf 90' lang='lat' dir='ltr'>S.</span> <span class='ocrx_word' id='word_1_67' title='bbox 331 1181 476 1240; x_wconf 86' lang='lat' dir='ltr'>Pontifice</span> <span class='ocrx_word' id='word_1_68' title='bbox 489 1181 685 1238; x_wconf 81' lang='lat' dir='ltr'>domesticam</span> <span class='ocrx_word' id='word_1_69' title='bbox 697 1181 907 1258; x_wconf 87' lang='lat' dir='ltr'>abjudicarunt</span> <span class='ocrx_word' id='word_1_70' title='bbox 919 1191 1106 1256; x_wconf 87' lang='lat' dir='ltr'>potestatem,</span> <span class='ocrx_word' id='word_1_71' title='bbox 1122 1183 1214 1240; x_wconf 91' lang='lat' dir='ltr'>simul</span> 
     </span>
     <span class='ocr_line' id='line_1_10' title="bbox 123 1264 1210 1343; baseline -0.003 -16"><span class='ocrx_word' id='word_1_72' title='bbox 123 1277 306 1343; x_wconf 83' lang='lat' dir='ltr'>negauerunt</span> <span class='ocrx_word' id='word_1_73' title='bbox 330 1267 479 1340; x_wconf 85' lang='lat' dir='ltr'>regulares</span> <span class='ocrx_word' id='word_1_74' title='bbox 502 1267 530 1322; x_wconf 89' lang='lat' dir='ltr'>vi</span> <span class='ocrx_word' id='word_1_75' title='bbox 555 1266 616 1322; x_wconf 91' lang='lat' dir='ltr'>voti</span> <span class='ocrx_word' id='word_1_76' title='bbox 641 1267 735 1323; x_wconf 90' lang='lat' dir='ltr'>teneri</span> <span class='ocrx_word' id='word_1_77' title='bbox 755 1283 825 1340; x_wconf 90' lang='lat' dir='ltr'>erga</span> <span class='ocrx_word' id='word_1_78' title='bbox 839 1265 870 1325; x_wconf 87' lang='lat' dir='ltr'>S.</span> <span class='ocrx_word' id='word_1_79' title='bbox 887 1267 1005 1326; x_wconf 86' lang='lat' dir='ltr'>Sedem.</span> <span class='ocrx_word' id='word_1_80' title='bbox 1021 1264 1066 1323; x_wconf 90' lang='lat' dir='ltr'>Ita</span> <span class='ocrx_word' id='word_1_81' title='bbox 1079 1267 1110 1323; x_wconf 93' lang='lat' dir='ltr'>in</span> <span class='ocrx_word' id='word_1_82' title='bbox 1125 1285 1151 1325; x_wconf 90' lang='lat' dir='ltr'>c.</span> <span class='ocrx_word' id='word_1_83' title='bbox 1167 1283 1210 1337; x_wconf 94' lang='lat'>11,</span> 
     </span>
     <span class='ocr_line' id='line_1_11' title="bbox 122 1350 733 1426; baseline -0.01 -12"><span class='ocrx_word' id='word_1_84' title='bbox 122 1357 142 1414; x_wconf 89' lang='lat' dir='ltr'>l.</span> <span class='ocrx_word' id='word_1_85' title='bbox 157 1373 183 1411; x_wconf 89' lang='lat' dir='ltr'>c.</span> <span class='ocrx_word' id='word_1_86' title='bbox 199 1353 236 1410; x_wconf 91' lang='lat' dir='ltr'>ab</span> <span class='ocrx_word' id='word_1_87' title='bbox 250 1354 314 1426; x_wconf 91' lang='lat' dir='ltr'>ipso</span> <span class='ocrx_word' id='word_1_88' title='bbox 328 1351 439 1411; x_wconf 85' lang='lat' dir='ltr'>Suarez</span> <span class='ocrx_word' id='word_1_89' title='bbox 453 1351 588 1424; x_wconf 75' lang='lat' dir='ltr'>quaestio</span> <span class='ocrx_word' id='word_1_90' title='bbox 603 1350 733 1423; x_wconf 91' lang='lat' dir='ltr'>ponitur.</span> 
     </span>
    </p>

    <p class='ocr_par' dir='ltr' id='par_1_3' title="bbox 123 1433 1218 2346">
     <span class='ocr_line' id='line_1_12' title="bbox 158 1433 1214 1509; baseline -0.002 -14"><span class='ocrx_word' id='word_1_91' title='bbox 158 1439 252 1509; x_wconf 91' lang='lat' dir='ltr'>Dum,</span> <span class='ocrx_word' id='word_1_92' title='bbox 268 1446 381 1507; x_wconf 91' lang='lat' dir='ltr'>contra,</span> <span class='ocrx_word' id='word_1_93' title='bbox 402 1437 444 1493; x_wconf 90' lang='lat' dir='ltr'>sic</span> <span class='ocrx_word' id='word_1_94' title='bbox 458 1453 490 1493; x_wconf 88' lang='lat' dir='ltr'>se</span> <span class='ocrx_word' id='word_1_95' title='bbox 505 1453 551 1492; x_wconf 92' lang='lat' dir='ltr'>res</span> <span class='ocrx_word' id='word_1_96' title='bbox 571 1435 693 1492; x_wconf 89' lang='lat' dir='ltr'>habent.</span> <span class='ocrx_word' id='word_1_97' title='bbox 708 1433 794 1493; x_wconf 89' lang='lat' dir='ltr'>Votis</span> <span class='ocrx_word' id='word_1_98' title='bbox 814 1435 876 1493; x_wconf 91' lang='lat' dir='ltr'>suis</span> <span class='ocrx_word' id='word_1_99' title='bbox 896 1445 925 1494; x_wconf 91' lang='lat' dir='ltr'>et</span> <span class='ocrx_word' id='word_1_100' title='bbox 944 1435 1124 1494; x_wconf 91' lang='lat' dir='ltr'>nominatim</span> <span class='ocrx_word' id='word_1_101' title='bbox 1144 1435 1214 1493; x_wconf 92' lang='lat' dir='ltr'>obe·</span> 
     </span>
     <span class='ocr_line' id='line_1_13' title="bbox 123 1517 1213 1592; baseline -0.004 -12"><span class='ocrx_word' id='word_1_102' title='bbox 123 1523 251 1580; x_wconf 88' lang='lat' dir='ltr'>dientiae</span> <span class='ocrx_word' id='word_1_103' title='bbox 263 1530 343 1590; x_wconf 91' lang='lat' dir='ltr'>voto,</span> <span class='ocrx_word' id='word_1_104' title='bbox 351 1519 507 1592; x_wconf 90' lang='lat' dir='ltr'>religiosus</span> <span class='ocrx_word' id='word_1_105' title='bbox 520 1517 630 1588; x_wconf 91' lang='lat' dir='ltr'>firmat,</span> <span class='ocrx_word' id='word_1_106' title='bbox 638 1518 788 1590; x_wconf 84' lang='lat' dir='ltr'>religionis</span> <span class='ocrx_word' id='word_1_107' title='bbox 801 1530 998 1591; x_wconf 88' lang='lat' dir='ltr'>sacramento,</span> <span class='ocrx_word' id='word_1_108' title='bbox 1013 1519 1213 1578; x_wconf 87' lang='lat' dir='ltr'>obedientiam</span> 
     </span>
     <span class='ocr_line' id='line_1_14' title="bbox 126 1602 1215 1678; baseline -0.001 -17"><span class='ocrx_word' id='word_1_109' title='bbox 126 1623 203 1678; x_wconf 87' lang='lat' dir='ltr'>quae</span> <span class='ocrx_word' id='word_1_110' title='bbox 222 1605 345 1660; x_wconf 91' lang='lat' dir='ltr'>debetur</span> <span class='ocrx_word' id='word_1_111' title='bbox 367 1605 403 1660; x_wconf 90' lang='lat' dir='ltr'>iis</span> <span class='ocrx_word' id='word_1_112' title='bbox 415 1604 466 1676; x_wconf 92' lang='lat' dir='ltr'>qui</span> <span class='ocrx_word' id='word_1_113' title='bbox 488 1603 569 1676; x_wconf 79' lang='lat' dir='ltr'>J&#39;usto</span> <span class='ocrx_word' id='word_1_114' title='bbox 591 1602 678 1659; x_wconf 89' lang='lat' dir='ltr'>titulo</span> <span class='ocrx_word' id='word_1_115' title='bbox 703 1612 844 1675; x_wconf 87' lang='lat' dir='ltr'>praesunt</span> <span class='ocrx_word' id='word_1_116' title='bbox 864 1604 1019 1677; x_wconf 80' lang='lat' dir='ltr'>religiosae</span> <span class='ocrx_word' id='word_1_117' title='bbox 1041 1603 1215 1677; x_wconf 90' lang='lat' dir='ltr'>disciplinae</span> 
     </span>
     <span class='ocr_line' id='line_1_15' title="bbox 125 1685 1216 1764; baseline 0.001 -20"><span class='ocrx_word' id='word_1_118' title='bbox 125 1706 185 1764; x_wconf 90' lang='lat' dir='ltr'>qua</span> <span class='ocrx_word' id='word_1_119' title='bbox 203 1687 280 1743; x_wconf 90' lang='lat' dir='ltr'>talis.</span> <span class='ocrx_word' id='word_1_120' title='bbox 304 1685 364 1744; x_wconf 85' lang='lat' dir='ltr'>Cir.</span> <span class='ocrx_word' id='word_1_121' title='bbox 388 1705 420 1743; x_wconf 85' lang='lat' dir='ltr'>n.</span> <span class='ocrx_word' id='word_1_122' title='bbox 446 1686 520 1742; x_wconf 82' lang='lat'><em>288.</em></span> <span class='ocrx_word' id='word_1_123' title='bbox 543 1685 602 1760; x_wconf 80' lang='lat' dir='ltr'>Qui</span> <span class='ocrx_word' id='word_1_124' title='bbox 627 1686 731 1743; x_wconf 92' lang='lat' dir='ltr'>titulus</span> <span class='ocrx_word' id='word_1_125' title='bbox 753 1695 798 1744; x_wconf 90' lang='lat' dir='ltr'>est</span> <span class='ocrx_word' id='word_1_126' title='bbox 821 1689 941 1762; x_wconf 87' lang='lat' dir='ltr'>duplex.</span> <span class='ocrx_word' id='word_1_127' title='bbox 966 1687 1059 1759; x_wconf 89' lang='lat' dir='ltr'>Alter,</span> <span class='ocrx_word' id='word_1_128' title='bbox 1081 1688 1216 1762; x_wconf 91' lang='lat' dir='ltr'>proprius</span> 
     </span>
     <span class='ocr_line' id='line_1_16' title="bbox 126 1763 1216 1845; baseline -0.002 -15"><span class='ocrx_word' id='word_1_129' title='bbox 126 1773 205 1830; x_wconf 87' lang='lat' dir='ltr'>vitae</span> <span class='ocrx_word' id='word_1_130' title='bbox 227 1770 440 1839; x_wconf 86' lang='lat' dir='ltr'>coenobiticae,</span> <span class='ocrx_word' id='word_1_131' title='bbox 456 1778 501 1825; x_wconf 90' lang='lat' dir='ltr'>est</span> <span class='ocrx_word' id='word_1_132' title='bbox 521 1763 626 1827; x_wconf 79' lang='lat' dir='ltr'>herilis</span> <span class='ocrx_word' id='word_1_133' title='bbox 648 1785 700 1825; x_wconf 92' lang='lat' dir='ltr'>seu</span> <span class='ocrx_word' id='word_1_134' title='bbox 720 1765 877 1829; x_wconf 79' lang='lat' dir='ltr'>domestica</span> <span class='ocrx_word' id='word_1_135' title='bbox 890 1768 1064 1843; x_wconf 78' lang='lat' dir='ltr'>amloaims,</span> <span class='ocrx_word' id='word_1_136' title='bbox 1085 1771 1216 1845; x_wconf 90' lang='lat' dir='ltr'>privatae</span> 
     </span>
     <span class='ocr_line' id='line_1_17' title="bbox 129 1851 1217 1927; baseline -0.003 -14"><span class='ocrx_word' id='word_1_137' title='bbox 129 1855 261 1923; x_wconf 92' lang='lat' dir='ltr'>rationis,</span> <span class='ocrx_word' id='word_1_138' title='bbox 276 1869 353 1925; x_wconf 91' lang='lat' dir='ltr'>quae</span> <span class='ocrx_word' id='word_1_139' title='bbox 372 1852 403 1909; x_wconf 93' lang='lat' dir='ltr'>in</span> <span class='ocrx_word' id='word_1_140' title='bbox 422 1851 554 1925; x_wconf 92' lang='lat' dir='ltr'>qualibet</span> <span class='ocrx_word' id='word_1_141' title='bbox 572 1852 662 1909; x_wconf 92' lang='lat' dir='ltr'>domo</span> <span class='ocrx_word' id='word_1_142' title='bbox 675 1853 722 1910; x_wconf 91' lang='lat' dir='ltr'>vel</span> <span class='ocrx_word' id='word_1_143' title='bbox 740 1851 854 1911; x_wconf 87' lang='lat' dir='ltr'>familia</span> <span class='ocrx_word' id='word_1_144' title='bbox 867 1854 1034 1927; x_wconf 87' lang='lat' dir='ltr'>requiritur,</span> <span class='ocrx_word' id='word_1_145' title='bbox 1048 1855 1217 1911; x_wconf 90' lang='lat' dir='ltr'>voluntaria</span> 
     </span>
     <span class='ocr_line' id='line_1_18' title="bbox 129 1934 1216 2011; baseline 0.001 -16"><span class='ocrx_word' id='word_1_146' title='bbox 129 1947 230 1996; x_wconf 90' lang='lat' dir='ltr'>autem</span> <span class='ocrx_word' id='word_1_147' title='bbox 244 1935 372 2008; x_wconf 84' lang='lat' dir='ltr'>religiosi</span> <span class='ocrx_word' id='word_1_148' title='bbox 386 1934 536 1993; x_wconf 89' lang='lat' dir='ltr'>deditione</span> <span class='ocrx_word' id='word_1_149' title='bbox 548 1936 711 1994; x_wconf 88' lang='lat' dir='ltr'>intenditur</span> <span class='ocrx_word' id='word_1_150' title='bbox 722 1955 816 2011; x_wconf 90' lang='lat' dir='ltr'>usque</span> <span class='ocrx_word' id='word_1_151' title='bbox 826 1936 863 1994; x_wconf 94' lang='lat' dir='ltr'>ad</span> <span class='ocrx_word' id='word_1_152' title='bbox 877 1939 1050 1996; x_wconf 90' lang='lat' dir='ltr'>servitutem</span> <span class='ocrx_word' id='word_1_153' title='bbox 1062 1954 1216 2011; x_wconf 86' lang='lat' dir='ltr'>personae.</span> 
     </span>
     <span class='ocr_line' id='line_1_19' title="bbox 130 2013 1218 2097; baseline -0.001 -18"><span class='ocrx_word' id='word_1_154' title='bbox 130 2023 213 2080; x_wconf 88' lang='lat' dir='ltr'>Alter</span> <span class='ocrx_word' id='word_1_155' title='bbox 248 2028 292 2076; x_wconf 88' lang='lat' dir='ltr'>est</span> <span class='ocrx_word' id='word_1_156' title='bbox 317 2013 440 2097; x_wconf 73' lang='lat' dir='ltr'>publica</span> <span class='ocrx_word' id='word_1_157' title='bbox 469 2029 608 2094; x_wconf 84' lang='lat' dir='ltr'>potestas,</span> <span class='ocrx_word' id='word_1_158' title='bbox 635 2021 737 2079; x_wconf 86' lang='lat' dir='ltr'>divina</span> <span class='ocrx_word' id='word_1_159' title='bbox 763 2022 906 2078; x_wconf 88' lang='lat' dir='ltr'>missione</span> <span class='ocrx_word' id='word_1_160' title='bbox 930 2023 1049 2079; x_wconf 90' lang='lat' dir='ltr'>conlata</span> <span class='ocrx_word' id='word_1_161' title='bbox 1074 2022 1161 2079; x_wconf 91' lang='lat' dir='ltr'>Petro</span> <span class='ocrx_word' id='word_1_162' title='bbox 1189 2030 1218 2078; x_wconf 90' lang='lat' dir='ltr'>et</span> 
     </span>
     <span class='ocr_line' id='line_1_20' title="bbox 128 2101 1218 2182; baseline -0.004 -17"><span class='ocrx_word' id='word_1_163' title='bbox 128 2106 279 2181; x_wconf 91' lang='lat' dir='ltr'>Apostolis</span> <span class='ocrx_word' id='word_1_164' title='bbox 293 2104 331 2160; x_wconf 87' lang='lat' dir='ltr'>ad</span> <span class='ocrx_word' id='word_1_165' title='bbox 343 2103 505 2176; x_wconf 90' lang='lat' dir='ltr'>regendam</span> <span class='ocrx_word' id='word_1_166' title='bbox 525 2105 621 2177; x_wconf 87' lang='lat' dir='ltr'>ipsam</span> <span class='ocrx_word' id='word_1_167' title='bbox 638 2104 817 2162; x_wconf 87' lang='lat' dir='ltr'>Ecclesiam.</span> <span class='ocrx_word' id='word_1_168' title='bbox 835 2105 923 2162; x_wconf 90' lang='lat' dir='ltr'>Hanc</span> <span class='ocrx_word' id='word_1_169' title='bbox 937 2107 1065 2162; x_wconf 85' lang='lat' dir='ltr'>dicimus</span> <span class='ocrx_word' id='word_1_170' title='bbox 1071 2101 1218 2182; x_wconf 82' lang='lat' dir='ltr'>jurisdic-</span> 
     </span>
     <span class='ocr_line' id='line_1_21' title="bbox 128 2187 1218 2263; baseline -0.004 -15"><span class='ocrx_word' id='word_1_171' title='bbox 128 2189 247 2250; x_wconf 81' lang='lat' dir='ltr'>tionem.</span> <span class='ocrx_word' id='word_1_172' title='bbox 260 2187 394 2262; x_wconf 91' lang='lat' dir='ltr'>Utraque</span> <span class='ocrx_word' id='word_1_173' title='bbox 404 2205 473 2245; x_wconf 84' lang='lat' dir='ltr'>vero</span> <span class='ocrx_word' id='word_1_174' title='bbox 483 2188 520 2245; x_wconf 89' lang='lat' dir='ltr'>ad</span> <span class='ocrx_word' id='word_1_175' title='bbox 531 2189 737 2246; x_wconf 91' lang='lat' dir='ltr'>condicionem</span> <span class='ocrx_word' id='word_1_176' title='bbox 750 2206 945 2262; x_wconf 89' lang='lat' dir='ltr'>personarum</span> <span class='ocrx_word' id='word_1_177' title='bbox 961 2197 1079 2263; x_wconf 91' lang='lat' dir='ltr'>aptatur</span> <span class='ocrx_word' id='word_1_178' title='bbox 1092 2189 1218 2261; x_wconf 92' lang='lat' dir='ltr'>ideoque</span> 
     </span>
     <span class='ocr_line' id='line_1_22' title="bbox 129 2271 1074 2346; baseline -0.002 -14"><span class='ocrx_word' id='word_1_179' title='bbox 129 2276 159 2332; x_wconf 92' lang='lat' dir='ltr'>in</span> <span class='ocrx_word' id='word_1_180' title='bbox 173 2273 326 2346; x_wconf 84' lang='lat' dir='ltr'>religiosos</span> <span class='ocrx_word' id='word_1_181' title='bbox 339 2291 370 2330; x_wconf 91' lang='lat' dir='ltr'>se</span> <span class='ocrx_word' id='word_1_182' title='bbox 383 2273 510 2346; x_wconf 90' lang='lat' dir='ltr'>prodibit</span> <span class='ocrx_word' id='word_1_183' title='bbox 523 2273 752 2346; x_wconf 86' lang='lat' dir='ltr'>amplissimam.</span> <span class='ocrx_word' id='word_1_184' title='bbox 770 2271 830 2330; x_wconf 85' lang='lat' dir='ltr'>Cir.</span> <span class='ocrx_word' id='word_1_185' title='bbox 846 2273 997 2343; x_wconf 91' lang='lat' dir='ltr'>Palmieri,</span> <span class='ocrx_word' id='word_1_186' title='bbox 1011 2273 1032 2330; x_wconf 92' lang='lat' dir='ltr'>l.</span> <span class='ocrx_word' id='word_1_187' title='bbox 1048 2291 1074 2330; x_wconf 87' lang='lat' dir='ltr'>c.</span> 
     </span>
    </p>
   </div>
   <div class='ocr_carea' id='block_1_3' title="bbox 128 2370 1221 3042">
    <p class='ocr_par' dir='ltr' id='par_1_4' title="bbox 128 2370 1221 3042">
     <span class='ocr_line' id='line_1_23' title="bbox 172 2370 1218 2453; baseline -0.001 -18"><span class='ocrx_word' id='word_1_188' title='bbox 172 2393 203 2451; x_wconf 85' lang='lat'>3.</span> <span class='ocrx_word' id='word_1_189' title='bbox 225 2371 264 2435; x_wconf 90' lang='lat' dir='ltr'>Vi</span> <span class='ocrx_word' id='word_1_190' title='bbox 277 2391 334 2446; x_wconf 77' lang='lat' dir='ltr'>rraa</span> <span class='ocrx_word' id='word_1_191' title='bbox 350 2370 508 2434; x_wconf 89' lang='lat' dir='ltr'>definitur</span> <span class='ocrx_word' id='word_1_192' title='bbox 523 2371 608 2433; x_wconf 90' lang='lat' dir='ltr'>haec</span> <span class='ocrx_word' id='word_1_193' title='bbox 624 2375 775 2453; x_wconf 89' lang='lat' dir='ltr'>potestas</span> <span class='ocrx_word' id='word_1_194' title='bbox 795 2371 834 2434; x_wconf 91' lang='lat' dir='ltr'>iis</span> <span class='ocrx_word' id='word_1_195' title='bbox 850 2390 937 2452; x_wconf 91' lang='lat' dir='ltr'>quae</span> <span class='ocrx_word' id='word_1_196' title='bbox 953 2373 1007 2434; x_wconf 90' lang='lat' dir='ltr'>vel</span> <span class='ocrx_word' id='word_1_197' title='bbox 1023 2371 1146 2434; x_wconf 87' lang='lat' dir='ltr'>diserte</span> <span class='ocrx_word' id='word_1_198' title='bbox 1166 2372 1218 2434; x_wconf 89' lang='lat' dir='ltr'>vel</span> 
     </span>
     <span class='ocr_line' id='line_1_24' title="bbox 132 2453 1219 2537; baseline 0.002 -21"><span class='ocrx_word' id='word_1_199' title='bbox 132 2456 233 2518; x_wconf 87' lang='lat' dir='ltr'>tacite</span> <span class='ocrx_word' id='word_1_200' title='bbox 250 2454 415 2536; x_wconf 86' lang='lat' dir='ltr'>promissa</span> <span class='ocrx_word' id='word_1_201' title='bbox 438 2453 566 2517; x_wconf 92' lang='lat' dir='ltr'>suntin</span> <span class='ocrx_word' id='word_1_202' title='bbox 590 2453 746 2535; x_wconf 87' lang='lat' dir='ltr'>religiosa</span> <span class='ocrx_word' id='word_1_203' title='bbox 768 2453 988 2536; x_wconf 85' lang='lat' dir='ltr'>professione.</span> <span class='ocrx_word' id='word_1_204' title='bbox 1006 2454 1219 2537; x_wconf 90' lang='lat' dir='ltr'>Suscipiendi</span> 
     </span>
     <span class='ocr_line' id='line_1_25' title="bbox 130 2537 1218 2622; baseline -0.001 -22"><span class='ocrx_word' id='word_1_205' title='bbox 130 2539 218 2600; x_wconf 90' lang='lat' dir='ltr'>enim</span> <span class='ocrx_word' id='word_1_206' title='bbox 245 2544 371 2600; x_wconf 86' lang='lat' dir='ltr'>statum</span> <span class='ocrx_word' id='word_1_207' title='bbox 401 2537 593 2618; x_wconf 85' lang='lat' dir='ltr'>religiosum</span> <span class='ocrx_word' id='word_1_208' title='bbox 620 2557 687 2600; x_wconf 92' lang='lat' dir='ltr'>non</span> <span class='ocrx_word' id='word_1_209' title='bbox 714 2543 765 2600; x_wconf 91' lang='lat' dir='ltr'>est</span> <span class='ocrx_word' id='word_1_210' title='bbox 791 2544 1009 2622; x_wconf 85' lang='lat' dir='ltr'>praeceptum</span> <span class='ocrx_word' id='word_1_211' title='bbox 1031 2538 1090 2600; x_wconf 91' lang='lat' dir='ltr'>sed</span> <span class='ocrx_word' id='word_1_212' title='bbox 1106 2538 1218 2601; x_wconf 89' lang='lat' dir='ltr'>soluta</span> 
     </span>
     <span class='ocr_line' id='line_1_26' title="bbox 128 2621 1220 2704; baseline 0 -21"><span class='ocrx_word' id='word_1_213' title='bbox 128 2621 235 2702; x_wconf 89' lang='lat' dir='ltr'>optio;</span> <span class='ocrx_word' id='word_1_214' title='bbox 254 2641 361 2701; x_wconf 88' lang='lat' dir='ltr'>neque</span> <span class='ocrx_word' id='word_1_215' title='bbox 377 2623 419 2683; x_wconf 90' lang='lat' dir='ltr'>ad</span> <span class='ocrx_word' id='word_1_216' title='bbox 436 2621 508 2704; x_wconf 89' lang='lat' dir='ltr'>ejus</span> <span class='ocrx_word' id='word_1_217' title='bbox 521 2621 687 2684; x_wconf 88' lang='lat' dir='ltr'>rationem</span> <span class='ocrx_word' id='word_1_218' title='bbox 704 2628 835 2703; x_wconf 86' lang='lat' dir='ltr'>spectat</span> <span class='ocrx_word' id='word_1_219' title='bbox 851 2628 889 2684; x_wconf 90' lang='lat' dir='ltr'>ut</span> <span class='ocrx_word' id='word_1_220' title='bbox 905 2642 964 2702; x_wconf 93' lang='lat' dir='ltr'>per</span> <span class='ocrx_word' id='word_1_221' title='bbox 981 2621 1093 2684; x_wconf 86' lang='lat' dir='ltr'>omnia</span> <span class='ocrx_word' id='word_1_222' title='bbox 1110 2621 1220 2684; x_wconf 87' lang='lat' dir='ltr'>media</span> 
     </span>
     <span class='ocr_line' id='line_1_27' title="bbox 128 2704 1218 2788; baseline 0 -22"><span class='ocrx_word' id='word_1_223' title='bbox 128 2705 323 2767; x_wconf 89' lang='lat' dir='ltr'>intendatur</span> <span class='ocrx_word' id='word_1_224' title='bbox 339 2705 514 2787; x_wconf 72' lang='lat' dir='ltr'>perfectio</span> <span class='ocrx_word' id='word_1_225' title='bbox 532 2705 646 2787; x_wconf 87' lang='lat' dir='ltr'>Quare</span> <span class='ocrx_word' id='word_1_226' title='bbox 662 2704 817 2786; x_wconf 88' lang='lat' dir='ltr'>specialis</span> <span class='ocrx_word' id='word_1_227' title='bbox 832 2705 889 2767; x_wconf 91' lang='lat' dir='ltr'>illa</span> <span class='ocrx_word' id='word_1_228' title='bbox 901 2705 1092 2788; x_wconf 89' lang='lat' dir='ltr'>jurisdictio</span> <span class='ocrx_word' id='word_1_229' title='bbox 1117 2704 1218 2767; x_wconf 87' lang='lat' dir='ltr'>reler-</span> 
     </span>
     <span class='ocr_line' id='line_1_28' title="bbox 129 2787 1219 2870; baseline 0.002 -22"><span class='ocrx_word' id='word_1_230' title='bbox 129 2797 185 2848; x_wconf 92' lang='lat' dir='ltr'>tur</span> <span class='ocrx_word' id='word_1_231' title='bbox 199 2787 245 2848; x_wconf 82' lang='lat' dir='ltr'>ad&#39;</span> <span class='ocrx_word' id='word_1_232' title='bbox 270 2789 459 2868; x_wconf 84' lang='lat' dir='ltr'>regularem</span> <span class='ocrx_word' id='word_1_233' title='bbox 482 2788 776 2850; x_wconf 87' lang='lat' dir='ltr'>conversationem</span> <span class='ocrx_word' id='word_1_234' title='bbox 800 2808 901 2869; x_wconf 90' lang='lat' dir='ltr'>quam</span> <span class='ocrx_word' id='word_1_235' title='bbox 917 2790 991 2870; x_wconf 89' lang='lat' dir='ltr'>ipsa</span> <span class='ocrx_word' id='word_1_236' title='bbox 1008 2787 1219 2869; x_wconf 81' lang='lat' dir='ltr'>professione</span> 
     </span>
     <span class='ocr_line' id='line_1_29' title="bbox 130 2869 1220 2953; baseline 0.003 -24"><span class='ocrx_word' id='word_1_237' title='bbox 130 2869 285 2947; x_wconf 86' lang='lat' dir='ltr'>religiosa</span> <span class='ocrx_word' id='word_1_238' title='bbox 302 2870 402 2932; x_wconf 88' lang='lat' dir='ltr'>aliam</span> <span class='ocrx_word' id='word_1_239' title='bbox 420 2872 453 2932; x_wconf 93' lang='lat' dir='ltr'>in</span> <span class='ocrx_word' id='word_1_240' title='bbox 468 2871 534 2931; x_wconf 90' lang='lat' dir='ltr'>alio</span> <span class='ocrx_word' id='word_1_241' title='bbox 550 2870 674 2932; x_wconf 89' lang='lat' dir='ltr'>Ordine</span> <span class='ocrx_word' id='word_1_242' title='bbox 690 2871 838 2950; x_wconf 84' lang='lat' dir='ltr'>religiosi</span> <span class='ocrx_word' id='word_1_243' title='bbox 854 2871 1026 2953; x_wconf 88' lang='lat' dir='ltr'>conceptis</span> <span class='ocrx_word' id='word_1_244' title='bbox 1041 2870 1153 2932; x_wconf 91' lang='lat' dir='ltr'>verbis</span> <span class='ocrx_word' id='word_1_245' title='bbox 1166 2870 1220 2932; x_wconf 92' lang='lat' dir='ltr'>vel</span> 
     </span>
     <span class='ocr_line' id='line_1_30' title="bbox 131 2951 1221 3042; baseline 0.006 -34"><span class='ocrx_word' id='word_1_246' title='bbox 131 2952 234 3009; x_wconf 89' lang='lat' dir='ltr'>tacite</span> <span class='ocrx_word' id='word_1_247' title='bbox 250 2951 675 3042; x_wconf 32' lang='lat' dir='ltr'>admiseruntunocirca,</span> <span class='ocrx_word' id='word_1_248' title='bbox 701 2973 743 3014; x_wconf 93' lang='lat' dir='ltr'>ne</span> <span class='ocrx_word' id='word_1_249' title='bbox 767 2954 836 3035; x_wconf 89' lang='lat' dir='ltr'>ipse</span> <span class='ocrx_word' id='word_1_250' title='bbox 859 2953 992 3033; x_wconf 90' lang='lat' dir='ltr'>quidem</span> <span class='ocrx_word' id='word_1_251' title='bbox 1011 2954 1046 3016; x_wconf 87' lang='lat' dir='ltr'>S.</span> <span class='ocrx_word' id='word_1_252' title='bbox 1064 2952 1221 3016; x_wconf 86' lang='lat' dir='ltr'>Pontifex</span> 
     </span>
    </p>
   </div>
   <div class='ocr_carea' id='block_1_4' title="bbox 1302 2414 1418 2475">
    <p class='ocr_par' dir='ltr' id='par_1_5' title="bbox 1302 2414 1418 2475">
     <span class='ocr_line' id='line_1_31' title="bbox 1302 2414 1418 2475; baseline 0.009 -13"><span class='ocrx_word' id='word_1_253' title='bbox 1302 2414 1364 2475; x_wconf 80' lang='lat' dir='ltr'>Ejus</span> <span class='ocrx_word' id='word_1_254' title='bbox 1374 2415 1418 2462; x_wconf 85' lang='lat' dir='ltr'>uis.</span> 
     </span>
    </p>
   </div>
   <div class='ocr_carea' id='block_1_5' title="bbox 130 3030 1315 3115">
    <p class='ocr_par' dir='ltr' id='par_1_6' title="bbox 130 3030 1315 3115">
     <span class='ocr_line' id='line_1_32' title="bbox 130 3030 1315 3115; baseline 0.005 -25"><span class='ocrx_word' id='word_1_255' title='bbox 130 3031 221 3091; x_wconf 90' lang='lat' dir='ltr'>valet</span> <span class='ocrx_word' id='word_1_256' title='bbox 252 3030 363 3091; x_wconf 86' lang='lat' dir='ltr'>omnia</span> <span class='ocrx_word' id='word_1_257' title='bbox 390 3033 555 3110; x_wconf 78' lang='lat' dir='ltr'>religiosis</span> <span class='ocrx_word' id='word_1_258' title='bbox 583 3035 760 3114; x_wconf 89' lang='lat' dir='ltr'>imperare,</span> <span class='ocrx_word' id='word_1_259' title='bbox 789 3055 850 3096; x_wconf 90' lang='lat' dir='ltr'>nec</span> <span class='ocrx_word' id='word_1_260' title='bbox 879 3035 1010 3115; x_wconf 86' lang='lat' dir='ltr'>aequali</span> <span class='ocrx_word' id='word_1_261' title='bbox 1037 3035 1068 3096; x_wconf 92' lang='lat' dir='ltr'>in</span> <span class='ocrx_word' id='word_1_262' title='bbox 1101 3054 1221 3098; x_wconf 91' lang='lat' dir='ltr'>omnes</span> <span class='ocrx_word' id='word_1_263' title='bbox 1314 3083 1315 3086; x_wconf 63' lang='lat'>,</span> 
     </span>
    </p>
   </div>
   <div class='ocr_carea' id='block_1_6' title="bbox 132 3111 1222 3442">
    <p class='ocr_par' dir='ltr' id='par_1_7' title="bbox 132 3111 1222 3442">
     <span class='ocr_line' id='line_1_33' title="bbox 132 3111 1222 3197; baseline 0.005 -24"><span class='ocrx_word' id='word_1_264' title='bbox 132 3112 264 3174; x_wconf 84' lang='lat' dir='ltr'>fruetur</span> <span class='ocrx_word' id='word_1_265' title='bbox 276 3111 353 3192; x_wconf 88' lang='lat' dir='ltr'>jure</span> <span class='ocrx_word' id='word_1_266' title='bbox 369 3111 396 3188; x_wconf 82' lang='lat'>¹3</span> <span class='ocrx_word' id='word_1_267' title='bbox 414 3132 532 3173; x_wconf 89' lang='lat' dir='ltr'>verum</span> <span class='ocrx_word' id='word_1_268' title='bbox 548 3115 619 3193; x_wconf 88' lang='lat' dir='ltr'>ejus</span> <span class='ocrx_word' id='word_1_269' title='bbox 638 3116 829 3195; x_wconf 85' lang='lat' dir='ltr'>jurisdictio</span> <span class='ocrx_word' id='word_1_270' title='bbox 846 3116 1099 3197; x_wconf 88' lang='lat' dir='ltr'>complectitur:</span> <span class='ocrx_word' id='word_1_271' title='bbox 1120 3120 1153 3195; x_wconf 79' lang='lat' dir='ltr'>a)</span> <span class='ocrx_word' id='word_1_272' title='bbox 1170 3119 1222 3179; x_wconf 89' lang='lat' dir='ltr'>Ea</span> 
     </span>
     <span class='ocr_line' id='line_1_34' title="bbox 132 3192 1221 3278; baseline 0.005 -22"><span class='ocrx_word' id='word_1_273' title='bbox 132 3214 217 3275; x_wconf 87' lang='lat' dir='ltr'>quae</span> <span class='ocrx_word' id='word_1_274' title='bbox 237 3192 361 3255; x_wconf 87' lang='lat' dir='ltr'>diserte</span> <span class='ocrx_word' id='word_1_275' title='bbox 386 3200 463 3255; x_wconf 88' lang='lat' dir='ltr'>sunt</span> <span class='ocrx_word' id='word_1_276' title='bbox 480 3197 644 3275; x_wconf 89' lang='lat' dir='ltr'>promissa</span> <span class='ocrx_word' id='word_1_277' title='bbox 659 3217 666 3271; x_wconf 90' lang='grc'>;</span> <span class='ocrx_word' id='word_1_278' title='bbox 681 3198 716 3275; x_wconf 90' lang='lat' dir='ltr'>b)</span> <span class='ocrx_word' id='word_1_279' title='bbox 729 3198 781 3258; x_wconf 87' lang='lat' dir='ltr'>Ea</span> <span class='ocrx_word' id='word_1_280' title='bbox 797 3217 882 3278; x_wconf 86' lang='lat' dir='ltr'>quae</span> <span class='ocrx_word' id='word_1_281' title='bbox 898 3200 939 3260; x_wconf 86' lang='lat' dir='ltr'>ad</span> <span class='ocrx_word' id='word_1_282' title='bbox 963 3199 1086 3260; x_wconf 91' lang='lat' dir='ltr'>bonum</span> <span class='ocrx_word' id='word_1_283' title='bbox 1112 3206 1221 3260; x_wconf 89' lang='lat' dir='ltr'>status</span> 
     </span>
     <span class='ocr_line' id='line_1_35' title="bbox 132 3275 1221 3360; baseline 0.003 -20"><span class='ocrx_word' id='word_1_284' title='bbox 132 3275 278 3357; x_wconf 83' lang='lat' dir='ltr'>religiosi</span> <span class='ocrx_word' id='word_1_285' title='bbox 294 3277 328 3339; x_wconf 91' lang='lat' dir='ltr'>in</span> <span class='ocrx_word' id='word_1_286' title='bbox 345 3277 542 3338; x_wconf 88' lang='lat' dir='ltr'>universum</span> <span class='ocrx_word' id='word_1_287' title='bbox 568 3277 761 3340; x_wconf 88' lang='lat' dir='ltr'>referuntur</span> <span class='ocrx_word' id='word_1_288' title='bbox 776 3280 805 3355; x_wconf 80' lang='lat'>²3</span> <span class='ocrx_word' id='word_1_289' title='bbox 831 3282 862 3357; x_wconf 90' lang='lat' dir='ltr'>c)</span> <span class='ocrx_word' id='word_1_290' title='bbox 882 3281 931 3341; x_wconf 89' lang='lat' dir='ltr'>Ea</span> <span class='ocrx_word' id='word_1_291' title='bbox 947 3300 1033 3360; x_wconf 88' lang='lat' dir='ltr'>quae</span> <span class='ocrx_word' id='word_1_292' title='bbox 1056 3280 1099 3343; x_wconf 87' lang='lat' dir='ltr'>ad</span> <span class='ocrx_word' id='word_1_293' title='bbox 1122 3281 1221 3344; x_wconf 88' lang='lat' dir='ltr'>finem</span> 
     </span>
     <span class='ocr_line' id='line_1_36' title="bbox 136 3358 1082 3442; baseline 0.004 -18"><span class='ocrx_word' id='word_1_294' title='bbox 136 3362 330 3424; x_wconf 89' lang='lat' dir='ltr'>conducunt</span> <span class='ocrx_word' id='word_1_295' title='bbox 353 3358 532 3442; x_wconf 84' lang='lat' dir='ltr'>peculiaris</span> <span class='ocrx_word' id='word_1_296' title='bbox 554 3360 716 3424; x_wconf 87' lang='lat' dir='ltr'>instituti.</span> <span class='ocrx_word' id='word_1_297' title='bbox 734 3361 804 3425; x_wconf 85' lang='lat' dir='ltr'>Cir.</span> <span class='ocrx_word' id='word_1_298' title='bbox 822 3362 991 3441; x_wconf 89' lang='lat' dir='ltr'>Palmieri,</span> <span class='ocrx_word' id='word_1_299' title='bbox 1010 3363 1032 3426; x_wconf 89' lang='lat' dir='ltr'>l.</span> <span class='ocrx_word' id='word_1_300' title='bbox 1051 3383 1082 3428; x_wconf 90' lang='lat' dir='ltr'>c.</span> 
     </span>
    </p>
   </div>
   <div class='ocr_carea' id='block_1_7' title="bbox 282 3543 1073 3640">
    <p class='ocr_par' dir='ltr' id='par_1_8' title="bbox 282 3543 1073 3640">
     <span class='ocr_line' id='line_1_37' title="bbox 282 3543 1073 3640; baseline 0.006 -34"><span class='ocrx_word' id='word_1_301' title='bbox 282 3558 476 3607; x_wconf 78' lang='lat' dir='ltr'>xnrrcucus</span> <span class='ocrx_word' id='word_1_302' title='bbox 498 3559 535 3607; x_wconf 89' lang='lat' dir='ltr'>n.</span> <span class='ocrx_word' id='word_1_303' title='bbox 561 3545 602 3609; x_wconf 82' lang='lat' dir='ltr'>be</span> <span class='ocrx_word' id='word_1_304' title='bbox 624 3543 763 3609; x_wconf 81' lang='lat' dir='ltr'>Romanis</span> <span class='ocrx_word' id='word_1_305' title='bbox 784 3544 1073 3640; x_wconf 66' lang='lat' dir='ltr'>congregationibus</span> 
     </span>
    </p>
   </div>
   <div class='ocr_carea' id='block_1_8' title="bbox 129 3700 1221 4035">
    <p class='ocr_par' dir='ltr' id='par_1_9' title="bbox 129 3700 1221 4035">
     <span class='ocr_line' id='line_1_38' title="bbox 175 3700 1219 3783; baseline -0.005 -13"><span class='ocrx_word' id='word_1_306' title='bbox 175 3706 262 3770; x_wconf 89' lang='grc'><strong>389.</strong></span> <span class='ocrx_word' id='word_1_307' title='bbox 281 3701 571 3783; x_wconf 84' lang='lat' dir='ltr'>Congregationes</span> <span class='ocrx_word' id='word_1_308' title='bbox 584 3700 669 3763; x_wconf 87' lang='lat' dir='ltr'>aliae</span> <span class='ocrx_word' id='word_1_309' title='bbox 682 3702 715 3764; x_wconf 92' lang='lat' dir='ltr'>in</span> <span class='ocrx_word' id='word_1_310' title='bbox 732 3701 831 3764; x_wconf 90' lang='lat' dir='ltr'>rebus</span> <span class='ocrx_word' id='word_1_311' title='bbox 844 3701 1063 3783; x_wconf 85' lang='lat' dir='ltr'>Regularium</span> <span class='ocrx_word' id='word_1_312' title='bbox 1079 3723 1219 3765; x_wconf 89' lang='lat' dir='ltr'>versan-</span> 
     </span>
     <span class='ocr_line' id='line_1_39' title="bbox 134 3784 1221 3869; baseline 0 -21"><span class='ocrx_word' id='word_1_313' title='bbox 134 3794 189 3848; x_wconf 88' lang='lat' dir='ltr'>tur</span> <span class='ocrx_word' id='word_1_314' title='bbox 208 3786 314 3865; x_wconf 85' lang='lat' dir='ltr'>magis</span> <span class='ocrx_word' id='word_1_315' title='bbox 330 3806 367 3848; x_wconf 75' lang='lat' dir='ltr'>aa</span> <span class='ocrx_word' id='word_1_316' title='bbox 377 3784 528 3866; x_wconf 73' lang='lat' dir='ltr'>professu,</span> <span class='ocrx_word' id='word_1_317' title='bbox 544 3792 687 3864; x_wconf 88' lang='lat' dir='ltr'>suntque</span> <span class='ocrx_word' id='word_1_318' title='bbox 701 3785 908 3868; x_wconf 83' lang='lat' dir='ltr'>Congregatio</span> <span class='ocrx_word' id='word_1_319' title='bbox 921 3785 1019 3866; x_wconf 77' lang='lat' dir='ltr'>Super</span> <span class='ocrx_word' id='word_1_320' title='bbox 1032 3785 1177 3869; x_wconf 78' lang='lat' dir='ltr'>Negotiis</span> <span class='ocrx_word' id='word_1_321' title='bbox 1193 3792 1221 3848; x_wconf 81' lang='lat' dir='ltr'>ei</span> 
     </span>
     <span class='ocr_line' id='line_1_40' title="bbox 133 3866 1219 3950; baseline -0.002 -17"><span class='ocrx_word' id='word_1_322' title='bbox 133 3867 416 3933; x_wconf 82' lang='lat' dir='ltr'>Consultatiom&#39;bas</span> <span class='ocrx_word' id='word_1_323' title='bbox 431 3867 651 3949; x_wconf 68' lang='lat' dir='ltr'>Episcopomm</span> <span class='ocrx_word' id='word_1_324' title='bbox 667 3873 695 3928; x_wconf 80' lang='lat' dir='ltr'>et</span> <span class='ocrx_word' id='word_1_325' title='bbox 713 3866 920 3950; x_wconf 68' lang='lat' dir='ltr'>Regilianum</span> <span class='ocrx_word' id='word_1_326' title='bbox 944 3887 1020 3930; x_wconf 88' lang='lat' dir='ltr'>cum</span> <span class='ocrx_word' id='word_1_327' title='bbox 1037 3869 1122 3931; x_wconf 92' lang='lat' dir='ltr'>binis</span> <span class='ocrx_word' id='word_1_328' title='bbox 1140 3889 1219 3932; x_wconf 92' lang='lat' dir='ltr'>con-</span> 
     </span>
     <span class='ocr_line' id='line_1_41' title="bbox 129 3949 1221 4035; baseline 0.001 -21"><span class='ocrx_word' id='word_1_329' title='bbox 129 3954 256 4035; x_wconf 88' lang='lat' dir='ltr'>junctis</span> <span class='ocrx_word' id='word_1_330' title='bbox 270 3951 596 4032; x_wconf 84' lang='lat' dir='ltr'>Congregationibus</span> <span class='ocrx_word' id='word_1_331' title='bbox 609 3952 706 4032; x_wconf 74' lang='lat' dir='ltr'>Sopor</span> <span class='ocrx_word' id='word_1_332' title='bbox 721 3950 897 4032; x_wconf 74' lang='lat' dir='ltr'>Disciplina</span> <span class='ocrx_word' id='word_1_333' title='bbox 916 3949 1055 4033; x_wconf 79' lang='lat' dir='ltr'>mgraiam&#39;</span> <span class='ocrx_word' id='word_1_334' title='bbox 1070 3958 1103 4014; x_wconf 92' lang='lat' dir='ltr'>et</span> <span class='ocrx_word' id='word_1_335' title='bbox 1123 3952 1221 4033; x_wconf 70' lang='lat' dir='ltr'>Sapor</span> 
     </span>
    </p>
   </div>
   <div class='ocr_carea' id='block_1_9' title="bbox 133 4166 1215 4287">
    <p class='ocr_par' dir='ltr' id='par_1_10' title="bbox 133 4166 1215 4287">
     <span class='ocr_line' id='line_1_42' title="bbox 163 4166 1215 4233; baseline 0.004 -18"><span class='ocrx_word' id='word_1_336' title='bbox 163 4172 171 4204; x_wconf 82' lang='lat'>1</span> <span class='ocrx_word' id='word_1_337' title='bbox 183 4171 214 4215; x_wconf 94' lang='lat' dir='ltr'>V.</span> <span class='ocrx_word' id='word_1_338' title='bbox 228 4183 331 4233; x_wconf 49' lang='lat' dir='ltr'>panon</span> <span class='ocrx_word' id='word_1_339' title='bbox 343 4174 432 4228; x_wconf 90' lang='lat' dir='ltr'>posset</span> <span class='ocrx_word' id='word_1_340' title='bbox 443 4168 568 4228; x_wconf 84' lang='lat' dir='ltr'>religioso</span> <span class='ocrx_word' id='word_1_341' title='bbox 580 4167 627 4229; x_wconf 92' lang='lat' dir='ltr'>qui</span> <span class='ocrx_word' id='word_1_342' title='bbox 640 4167 712 4216; x_wconf 90' lang='lat' dir='ltr'>vitae</span> <span class='ocrx_word' id='word_1_343' title='bbox 723 4166 863 4216; x_wconf 87' lang='lat' dir='ltr'>addicitur</span> <span class='ocrx_word' id='word_1_344' title='bbox 880 4169 1110 4228; x_wconf 81' lang='lat' dir='ltr'>contemplativae</span> <span class='ocrx_word' id='word_1_345' title='bbox 1129 4170 1215 4232; x_wconf 77' lang='lat' dir='ltr'>magis</span> 
     </span>
     <span class='ocr_line' id='line_1_43' title="bbox 133 4227 743 4287; baseline 0 -13"><span class='ocrx_word' id='word_1_346' title='bbox 133 4240 216 4287; x_wconf 86' lang='lat' dir='ltr'>quam</span> <span class='ocrx_word' id='word_1_347' title='bbox 228 4227 289 4273; x_wconf 86' lang='lat' dir='ltr'>alus</span> <span class='ocrx_word' id='word_1_348' title='bbox 300 4227 406 4274; x_wconf 90' lang='lat' dir='ltr'>clericis</span> <span class='ocrx_word' id='word_1_349' title='bbox 417 4241 576 4286; x_wconf 79' lang='lat' dir='ltr'>praecipere</span> <span class='ocrx_word' id='word_1_350' title='bbox 589 4227 743 4274; x_wconf 88' lang='lat' dir='ltr'>missiones.</span> 
     </span>
    </p>
   </div>
   <div class='ocr_carea' id='block_1_10' title="bbox 133 4295 1221 4472">
    <p class='ocr_par' dir='ltr' id='par_1_11' title="bbox 133 4295 1221 4472">
     <span class='ocr_line' id='line_1_44' title="bbox 161 4295 1221 4358; baseline 0.005 -15"><span class='ocrx_word' id='word_1_351' title='bbox 161 4300 171 4333; x_wconf 70' lang='lat'><strong>2</strong></span> <span class='ocrx_word' id='word_1_352' title='bbox 183 4297 245 4343; x_wconf 86' lang='lat' dir='ltr'>Hoc</span> <span class='ocrx_word' id='word_1_353' title='bbox 256 4301 336 4353; x_wconf 90' lang='lat' dir='ltr'>pacto</span> <span class='ocrx_word' id='word_1_354' title='bbox 346 4295 486 4345; x_wconf 84' lang='lat' dir='ltr'>declarant</span> <span class='ocrx_word' id='word_1_355' title='bbox 497 4298 642 4356; x_wconf 88' lang='lat' dir='ltr'>scriptores</span> <span class='ocrx_word' id='word_1_356' title='bbox 653 4299 790 4358; x_wconf 91' lang='lat' dir='ltr'>quomodo</span> <span class='ocrx_word' id='word_1_357' title='bbox 803 4299 829 4347; x_wconf 90' lang='lat' dir='ltr'>S.</span> <span class='ocrx_word' id='word_1_358' title='bbox 843 4297 910 4346; x_wconf 90' lang='lat' dir='ltr'>Pius</span> <span class='ocrx_word' id='word_1_359' title='bbox 922 4314 938 4345; x_wconf 95' lang='lat' dir='ltr'>v</span> <span class='ocrx_word' id='word_1_360' title='bbox 949 4298 1069 4356; x_wconf 87' lang='lat' dir='ltr'>potuerit</span> <span class='ocrx_word' id='word_1_361' title='bbox 1081 4298 1221 4358; x_wconf 91' lang='lat' dir='ltr'>imponere</span> 
     </span>
     <span class='ocr_line' id='line_1_45' title="bbox 133 4353 1219 4472; baseline 0.005 -70"><span class='ocrx_word' id='word_1_362' title='bbox 133 4353 365 4472; x_wconf 49' lang='lat' dir='ltr'>{iiuguffl&#39;qgr&#39;</span> <span class='ocrx_word' id='word_1_363' title='bbox 379 4356 489 4417; x_wconf 80' lang='lat' dir='ltr'>Suarez,</span> <span class='ocrx_word' id='word_1_364' title='bbox 502 4358 539 4402; x_wconf 82' lang='lat' dir='ltr'>De</span> <span class='ocrx_word' id='word_1_365' title='bbox 549 4357 678 4415; x_wconf 71' lang='lat' dir='ltr'>Religione,</span> <span class='ocrx_word' id='word_1_366' title='bbox 691 4362 723 4404; x_wconf 88' lang='lat' dir='ltr'>tr.</span> <span class='ocrx_word' id='word_1_367' title='bbox 737 4366 759 4420; x_wconf 83' lang='lat'>8,</span> <span class='ocrx_word' id='word_1_368' title='bbox 771 4358 788 4406; x_wconf 88' lang='lat' dir='ltr'>l.</span> <span class='ocrx_word' id='word_1_369' title='bbox 803 4375 823 4416; x_wconf 91' lang='lat'>1,</span> <span class='ocrx_word' id='word_1_370' title='bbox 834 4371 861 4421; x_wconf 48' lang='lat' dir='ltr'>c,</span> <span class='ocrx_word' id='word_1_371' title='bbox 872 4365 892 4415; x_wconf 85' lang='lat'>8,</span> <span class='ocrx_word' id='word_1_372' title='bbox 904 4372 930 4406; x_wconf 84' lang='lat' dir='ltr'>n.</span> <span class='ocrx_word' id='word_1_373' title='bbox 943 4365 995 4426; x_wconf 81' lang='lat'><strong>6·9;</strong></span> <span class='ocrx_word' id='word_1_374' title='bbox 1010 4358 1052 4418; x_wconf 86' lang='lat' dir='ltr'>vel</span> <span class='ocrx_word' id='word_1_375' title='bbox 1064 4359 1161 4432; x_wconf 79' lang='lat' dir='ltr'>Bouix,</span> <span class='ocrx_word' id='word_1_376' title='bbox 1174 4373 1219 4434; x_wconf 74' lang='lat' dir='ltr'>op.</span> 
     </span>
    </p>
   </div>
   <div class='ocr_carea' id='block_1_11' title="bbox 1270 3756 1433 3933">
    <p class='ocr_par' dir='ltr' id='par_1_12' title="bbox 1270 3756 1433 3933">
     <span class='ocr_line' id='line_1_46' title="bbox 1303 3756 1395 3816; baseline -0.011 -12"><span class='ocrx_word' id='word_1_377' title='bbox 1303 3756 1395 3816; x_wconf 67' lang='lat' dir='ltr'>Duplex</span> 
     </span>
     <span class='ocr_line' id='line_1_47' title="bbox 1272 3828 1433 3871; baseline 0.006 -11"><span class='ocrx_word' id='word_1_378' title='bbox 1272 3828 1343 3871; x_wconf 76' lang='lat' dir='ltr'>genus</span> <span class='ocrx_word' id='word_1_379' title='bbox 1372 3829 1433 3862; x_wconf 88' lang='lat' dir='ltr'>com-</span> 
     </span>
     <span class='ocr_line' id='line_1_48' title="bbox 1270 3875 1393 3933; baseline 0.024 -15"><span class='ocrx_word' id='word_1_380' title='bbox 1270 3875 1393 3933; x_wconf 74' lang='lat' dir='ltr'>palentiae.</span> 
     </span>
    </p>
   </div>
   <div class='ocr_carea' id='block_1_12' title="bbox 0 0 1595 5004">
    <p class='ocr_par' dir='ltr' id='par_1_13' title="bbox 0 0 1595 5004">
     <span class='ocr_line' id='line_1_49' title="bbox 0 0 1595 5004; baseline 0 0"><span class='ocrx_word' id='word_1_381' title='bbox 0 0 1595 5004; x_wconf 95' lang='lat' dir='ltr'> </span> 
     </span>
    </p>
   </div>
  </div>
 </body>
</html>
