3148 5004
149 457 230 537 [137
231 456 327 535 440]
375 477 411 511 nis
426 476 555 518 Jusiuici
571 476 735 514 sicui'ririi
754 477 940 514 INGREuiitNoi
957 477 1132 514 RELIGIONEM
1195 449 1235 518 87

189 616 275 680 139.
293 613 418 676 Sanctia
442 612 538 692 istius
555 613 678 677 liberae
697 615 841 695 optionis
857 615 1068 677 continetur:

189 721 217 760 1.
231 697 370 780 Juribus
387 716 472 776 quae
488 697 616 758 irritam
633 695 763 758 faciunt
778 697 1020 779 professionem
1045 696 1235 777 religiosam

147 783 246 860 gravi
262 785 353 842 metu
370 785 539 840 extortam
554 800 561 856 ;

190 885 220 925 2.
249 861 366 942 Capite
386 867 433 930 18,
452 881 479 923 s.
498 882 535 940 25
552 861 589 924 C.
603 861 697 924 Trid.
710 861 759 924 Dc
770 859 977 943 Regularibns
993 867 1021 922 ct
1035 859 1234 934 Monr'aiibnS,

147 963 215 1024 quo
256 939 796 1022 decernitur‘excommunicatiO,
821 948 920 1025 ¹latae
957 945 1144 1007 sententiae
1178 943 1241 1018 sed,

149 1026 272 1090 nemini
288 1028 473 1103 reservata,
496 1033 616 1088 contra
639 1047 696 1089 eos
720 1027 775 1107 qui
800 1027 983 1107 coegerint,
1000 1033 1236 1108 praeterquam

150 1108 183 1170 in
198 1109 329 1171 casibus
343 1109 375 1170 in
393 1109 471 1190 jure
494 1109 671 1190 expressis
693 1108 864 1170 mulierem
885 1109 1024 1171 invitam
1037 1111 1090 1170 v‘el
1106 1110 1147 1186 ad
1160 1127 1236 1190 pro·

149 1191 330 1255 sessionem
358 1192 574 1254 emittendam
603 1195 656 1254 vel
682 1192 724 1253 ad
751 1191 1000 1272 ingrediendam
1028 1191 1235 1272 religionem,

152 1275 206 1336 vel
220 1275 261 1336 ad
274 1273 427 1336 habitum
440 1273 701 1355 suscipiendum.
720 1274 794 1357 Qua
807 1293 915 1357 poena
926 1277 1125 1356 plectuntur
1136 1274 1237 1336 etiam

151 1355 303 1418 faventes
320 1363 353 1418 et
365 1355 627 1418 consentientes.
951 1373 953 1377 ⁴

181 1459 290 1518 Mulier
301 1461 339 1518 de
353 1477 412 1534 qua
424 1461 522 1533 agitur
534 1473 579 1518 est
592 1460 705 1534 semina
718 1479 795 1536 quae
808 1463 846 1518 sit
855 1461 920 1538 jam
937 1461 1046 1520 nubilis
1057 1479 1065 1532 3
1088 1469 1238 1518 monaste-

144 1543 224 1600 rium
236 1545 336 1602 stricte
350 1555 394 1600 est
407 1545 616 1618 accipiendum
634 1546 670 1602 de
689 1546 779 1602 domo
794 1547 844 1602 ubi
868 1554 939 1602 vota
962 1545 1036 1602 fiant
1059 1545 1217 1607 sollemnia
1225 1560 1236 1613 ,;

147 1627 369 1702 casusdenique
388 1627 495 1704 injure
516 1631 646 1702 expressi
662 1630 809 1686 habentur
823 1629 882 1687 CC.
905 1628 1007 1706 Quum
1020 1631 1069 1701 sis,
1091 1647 1118 1703 4,
1134 1623 1238 1703 bigni·

145 1706 264 1786 ficnait,
279 1708 311 1768 18
316 1728 324 1783 ;
346 1709 531 1784 Gaudemus,
548 1729 592 1788 19,
603 1713 639 1770 de
656 1708 854 1772 Conuersione
866 1708 1165 1790 coisjngalarnnctiii,
1180 1717 1238 1784 32).

151 1791 229 1851 Bina
243 1795 339 1868 priora
360 1797 458 1871 capita
474 1814 597 1854 uxorem
616 1797 779 1870 respiciunt
798 1814 875 1869 quae
897 1798 959 1853 viro
979 1797 1102 1854 indulsit
1129 1793 1238 1868 proles-

149 1877 265 1934 sionem
280 1879 448 1952 religiosam
461 1897 469 1950 ;
484 1881 615 1950 tertium,
630 1880 796 1936 adulteram
810 1880 857 1936 cui
872 1879 916 1936 vir
924 1881 1057 1954 denegat
1070 1880 1201 1937 veniam.
1214 1937 1216 1942 ,
1239 1925 1243 1943 ,,

189 1966 275 2022 140.
291 1963 358 2022 Mos
371 1965 443 2021 olim
466 1965 591 2021 invaluit
605 1965 636 2021 in
650 1978 774 2040 utraque
788 1965 939 2022 Ecclesiae
961 1976 1043 2037 parte
1057 1972 1089 2020 ut
1103 1973 1242 2035 parentes¹

150 2045 197 2101 vel
211 2063 229 2102 a
241 2040 349 2106 teneris
368 2049 456 2106 annis
469 2050 516 2106 vel
536 2051 672 2107 nondum
692 2062 779 2106 natos
801 2047 878 2105 filins
898 2049 945 2104 vel
968 2047 1045 2105 filias
1067 2047 1132 2104 Deo
1152 2047 1239 2112 devo·

154 2141 256 2186 verant
271 2140 292 2188 1.
1196 2145 1199 2150 ·

1238 677 1240 684 .
1327 623 1427 670 Sanctia

1301 679 1418 728 libertatis
1427 684 1462 730 iri-

1299 738 1431 796 gradiendi.

1329 860 1437 908 Nullitas

1293 918 1452 979 professionis

1295 981 1406 1024 ratariae.

1312 1087 1453 1133 Excisum:-

1291 1147 1381 1190 nicatia
1396 1146 1452 1192 Tri·

1291 1201 1397 1254 destina,

1306 1986 1344 2032 Dc
1354 1986 1452 2044 antiqua

1292 2043 1424 2090 oblatorum

1292 2101 1429 2162 disciplina.

186 2209 245 2286 Qui
265 2215 347 2286 pueri
369 2215 407 2272 ad
432 2215 630 2274 monasticam
655 2215 842 2287 disciplinam
866 2232 987 2292 summa
1009 2215 1246 2290 instituebantur?
1320 2205 1324 2214 ’

152 2310 233 2364 cura,
249 2315 303 2352 nec
318 2315 383 2355 raro
399 2316 518 2356 morum
530 2293 698 2372 integritate
708 2311 737 2355 et
747 2299 904 2356 sanctitate
915 2291 996 2355 fuere
1009 2298 1147 2363 illustres·
1160 2294 1239 2372 Quid

152 2391 265 2448 autem,
284 2381 309 2436 si
334 2382 379 2438 sui
397 2393 551 2455 compotes
574 2382 643 2439 lacti
666 2383 790 2458 ejusque
809 2383 915 2440 aetatis
934 2400 1004 2455 qua,
1019 2383 1098 2455 quod
1111 2382 1149 2438 ad
1161 2381 1247 2450 vitae¹

154 2462 370 2534 condicionem,
385 2465 430 2542 sui
453 2467 580 2539 quisque
601 2478 646 2522 est
664 2465 750 2542 juris,
774 2466 812 2525 ad
835 2467 1000 2523 secularem
1024 2466 1116 2522 vitam
1136 2465 1241 2532 animo

153 2543 361 2605 inclinabant?
1239 2591 1242 2596 «

180 2622 220 2712 ¹In
235 2628 367 2703 Oriente,
392 2629 423 2689 S.
449 2631 587 2704 Basilius,
612 2629 690 2712 ch.
707 2629 774 2710 fris.
802 2636 887 2694 tract.
914 2649 957 2710 15,
975 2634 1030 2708 (M.
1054 2633 1089 2691 P.
1104 2630 1141 2691 G.
1163 2642 1184 2698 t.
1204 2648 1238 2706 31

149 2731 175 2771 c.
189 2723 253 2790 355)
267 2717 371 2772 statuit
383 2727 417 2773 ut
431 2717 560 2775 solutam
574 2731 727 2776 servarent
740 2719 906 2798 optionem.
1190 2766 1192 2771 ,

184 2796 219 2855 In
234 2797 397 2857 Occidente
407 2814 519 2872 autem,
545 2815 713 2875 paterere.
730 2820 766 2878 59
778 2821 839 2882 reg.
854 2803 885 2860 S.
901 2803 1064 2874 Benedicti,
1085 2819 1135 2859 eos
1150 2800 1240 2868 fuisse

152 2883 284 2940 astrictos
304 2884 488 2959 obligationi,
518 2888 603 2959 quasi
631 2889 748 2961 propria
773 2889 927 2946 voluntate
954 2889 1011 2946 hoc
1038 2889 1117 2946 vitae
1144 2904 1246 2961 genus¹

157 3104 220 3151 ergo
230 3093 345 3152 probare
359 3111 503 3156 possumus
514 3097 686 3146 severitatem
695 3101 728 3147 R.
744 3101 777 3146 D.
792 3100 944 3158 Nervegna,
955 3098 1011 3158 qui,
1021 3113 1044 3157 p.
1059 3106 1096 3156 96,
1109 3103 1184 3144 vetat
1194 3111 1246 3162 rie,¹

159 3149 217 3196 sine
228 3152 332 3201 indulto
343 3155 368 3204 S.
378 3155 465 3210 Sedis,
475 3155 568 3214 junior
579 3171 607 3204 iri
614 3158 778 3204 monasterio
789 3168 871 3203 etiam
882 3158 965 3202 semel
974 3165 1123 3214 pernoctet,
1136 3169 1200 3202 cnm
1211 3169 1239 3201 in

158 3207 267 3258 decreto
282 3225 335 3258 non
350 3224 594 3260 commemorentur
610 3214 659 3262 lios
680 3215 730 3261 ites
744 3215 795 3261 nisi
813 3215 831 3260 ii
843 3213 890 3272 qui
907 3213 1110 3272 postulantibus
1126 3226 1240 3258 assimu-

157 3265 256 3316 lantur.
267 3269 332 3326 (Cir.
345 3286 370 3318 v.
379 3285 417 3332 gr.
428 3272 462 3318 de
471 3272 522 3318 ista
532 3273 556 3319 vi
570 3273 645 3319 vocis
660 3229 677 3318 i

158 3323 216 3382 calc,
229 3339 247 3382 1,
258 3331 270 3384 5
287 3335 312 3375 13
321 3336 348 3376 et
357 3329 558 3393 Constantianam
568 3344 593 3388 p.
614 3347 634 3387 i,
652 3344 675 3377 c.
688 3350 700 3386 4
713 3334 724 3386 ς
736 3336 766 3379 i.l
777 3329 858 3390 Quod
876 3342 930 3374 non
949 3337 1054 3374 tantum
1066 3341 1097 3374 ex
1114 3333 1249 3374 contexta.

157 3383 280 3446 oratione
302 3387 350 3434 sed
371 3387 430 3446 ipsu
454 3397 619 3446 perspicitur
638 3389 719 3434 modo
741 3385 960 3445 interpungendi.
991 3387 1063 3432 Dum
1084 3397 1157 3432 enim
1178 3392 1240 3442 post

157 3445 276 3500 Slssgulas
290 3457 371 3492 V0ces
390 3443 528 3496 Temsiris,
547 3445 690 3500 inuitans,
707 3453 758 3494 etc.
777 3444 888 3502 ponitur
902 3445 1009 3490 comma
1024 3449 1062 3498 (,),
1081 3456 1135 3488 uno
1147 3453 1239 3504 tenore

177 3499 332 3549 inferuntur
340 3517 379 3550 nec
385 3507 430 3562 pro
440 3503 466 3549 H
470 3505 583 3561 aspitibns
591 3519 629 3549 sen
636 3502 821 3550 Postulantitius.
834 3503 876 3549 lta
886 3502 960 3560 apud
973 3500 1094 3548 Bizzarri
1106 3508 1133 3547 et
1150 3513 1239 3558 ipsum

158 3580 170 3601 i
183 3570 309 3620 'ervegna
328 3561 368 3608 Ex
381 3560 558 3608 iacultatibus
572 3572 663 3608 autern
672 3559 916 3621 quaequandoque
931 3561 972 3608 aS
990 3558 1059 3608 Sede
1068 3559 1240 3620 postulentur

162 3625 243 3662 nimis
257 3627 352 3664 notum
368 3625 408 3665 est
425 3617 561 3666 infirmum
578 3618 635 3666 erui
652 3627 850 3679 argumentum,
868 3631 1022 3676 cumsaepe
1033 3616 1150 3676 prodant
1161 3625 1238 3662 timo·

161 3681 248 3734 ratam
264 3677 381 3734 petentis
396 3676 592 3724 conscientiam
608 3677 699 3735 potius
714 3690 796 3736 quam
811 3684 954 3723 scientiam
969 3676 1045 3734 juris.
1059 3675 1143 3736 Quid,
1166 3671 1240 3732 quod

162 3740 190 3774 in
211 3733 272 3779 luce
288 3744 371 3791 atque
388 3735 477 3781 oculis
499 3735 646 3789 Ecclesiae,
667 3734 746 3792 plura
768 3733 905 3794 Instituta,
928 3747 1015 3793 eaque
1035 3732 1237 3796 probatissima,

162 3799 244 3854 quarn
264 3792 396 3850 plurimos
406 3799 477 3839 tecto
488 3793 623 3852 recipiant
640 3792 820 3839 instituendos
835 3791 1028 3845 adolescentes,
1048 3805 1099 3838 nec
1118 3794 1240 3851 cogitant

161 3847 194 3892 de
209 3849 304 3908 aliqua
321 3850 439 3908 petenda
454 3851 656 3908 dispensatione
671 3863 687 3897 a
703 3850 811 3896 decreto
827 3849 998 3896 Clementino
1010 3851 1051 3896 vel
1067 3847 1240 3896 observanda

159 3911 313 3970 aetate-(14
339 3921 482 3964 annorum,
511 3908 727 3956 extraordinario
747 3907 902 3964 duodecimi
926 3921 1009 3967 quam
1035 3903 1240 3954 convictoribus

161 3971 317 4021 praestituit
326 3965 359 4012 R.
374 3966 408 4012 D.
421 3966 445 4012 N
449 3979 573 4026 ervegna,
586 3980 612 4024 p.
625 3971 661 4024 95.

185 4033 192 4068 t
207 4033 304 4082 Testes
323 4034 357 4082 de
375 4031 616 4082 Ecclesia'aricntali
632 4041 695 4083 sunt
714 4036 741 4084 S.
765 4033 883 4082 Basilius
894 4037 1011 4095 Magnus
1028 4033 1109 4093 Rrgnl.
1122 4035 1183 4082 brea.
1197 4051 1239 4083 aaz

156 4089 205 4146 (M.
220 4091 251 4139 P.
266 4093 300 4140 G.
312 4098 332 4141 t.
346 4101 382 4148 31,
396 4106 419 4140 c.
435 4101 516 4150 1287l;
529 4094 556 4142 S.
570 4093 717 4152 Gregorius
728 4094 877 4152 Nyssenus,
895 4093 932 4140 De
942 4094 1091 4152 virginitate,
1105 4111 1132 4150 24
1143 4093 1192 4150 [Μ.
1204 4092 1237 4139 Ρ.

155 4147 189 4196 G.
202 4155 221 4196 t.
234 4165 273 4212 47,
283 4165 307 4198 c.
320 4159 374 4210 411)
386 4163 392 4207 ;
407 4151 433 4200 S.
446 4152 542 4205 Joann.
556 4149 696 4208 Chrysost.
709 4153 827 4198 Accusas
839 4157 1004 4223 oppugnatores
1015 4153 1077 4196 vitae
1086 4153 1244 4202 monasticae..

156 4207 228 4264 stM.
242 4209 272 4255 P.
285 4210 318 4257 G.
333 4216 351 4256 t.
364 4225 402 4266 47,
415 4223 439 4256 c.
450 4217 502 4265 366,
522 4211 635 4266 367t1de
653 4209 760 4256 Ecclesia
780 4208 866 4265 latina,
888 4211 914 4258 b.
929 4210 1124 4266 Hieronymus,
1141 4222 1155 4254 e
1179 4244 1184 4255 .
1199 4222 1239 4262 107

155 4265 191 4311 ad
200 4264 324 4322 Laetam,
336 4267 387 4325 tM.
401 4267 432 4314 P.
447 4267 478 4314 L.
493 4275 511 4315 t.
525 4285 561 4322 22,
574 4281 598 4314 c.
611 4274 652 4324 867
665 4279 727 4327 sq.i;
737 4281 779 4326 ep.
792 4274 841 4322 128,
854 4267 889 4314 ad
901 4266 1088 4314 Gaudentium
1099 4265 1146 4320 iM.
1186 4265 1251 4330 .L.·

157 4325 176 4368 t.
190 4340 228 4380 22,
240 4338 264 4372 c.
273 4330 339 4390 Ιιο95,
353 4340 404 4386 sqq
417 4333 432 4384 i.
444 4323 500 4373 Cir.
511 4325 627 4396 Wilpert
636 4325 683 4372 Dic
691 4331 797 4383 gangen.
809 4323 907 4386 Jungsr.
918 4339 945 4383 p.
958 4331 1036 4389 27:30·
1170 4379 1175 4390 ‚

161 4437 166 4446 ι
187 4381 218 4428 ln
231 4383 343 4430 Oriente
352 4393 443 4432 tamen
451 4389 547 4430 statuit
556 4385 587 4430 O.
598 4383 836 4443 Trutlanumiopsl,
844 4396 913 4442 c.40,
922 4396 957 4430 ne
965 4389 1049 4430 vitam
1060 4387 1241 4430 monasticam

160 4441 260 4488 inirent
270 4441 323 4489 nisi
336 4441 431 4490 decem
442 4443 538 4488 saltem
548 4453 634 4488 annos
644 4440 712 4488 nati.

667 3275 784 3331 sospitam,
795 3273 952 3318 Institutnm
970 3272 995 3318 S.
1006 3273 1029 3335 J
1049 3272 1157 3316 Examen
1172 3281 1248 3326 gena.
