3148 5004
181 505 363 588 [228-231]
433 525 469 560 ua
484 482 717 559 oauronrroumus
732 517 869 558 nuurorosr
887 517 1014 553 rnorussr
1208 491 1267 554 137

222 665 256 744 b)
289 663 498 747 Quandoque
528 659 646 738 regula
671 654 820 718 ueritatem
846 655 878 716 in
903 654 1099 715 universum
1127 653 1267 734 imponit

182 748 433 827 obligationem.
464 764 494 804 v.
514 761 565 819 gr.
593 741 626 813 in
653 739 778 803 Ordine
805 739 868 800 ΡΡ.
898 737 1170 799 Carmelitarum.
1195 734 1264 796 Cf.

182 833 347 910 Angelum
372 848 393 889 a
415 825 477 889 SS.
503 825 625 902 Corde,
649 825 671 884 l.
697 843 726 884 c.
752 842 784 882 n.
803 840 874 901 504,
899 819 1069 881 exConst.
1091 839 1122 900 p.
1142 842 1168 896 1,
1187 838 1216 879 c.
1237 839 1265 895 1,

181 933 215 974 n.
258 961 265 973 .

222 936 253 1074 ci
269 995 386 1056 Plures
402 1011 491 1054 nunc
507 987 685 1070 religiones
706 987 889 1048 excludunt
905 984 1006 1046 etiam
1025 983 1265 1062 Obligationem

179 1078 356 1138 venialem.
381 1075 544 1154 Exemplo
566 1074 634 1134 sint
657 1069 787 1149 Religio
810 1069 876 1130 FF.
902 1065 1208 1128 Praedicatornm1
1234 1072 1266 1127 et

87 1189 92 1202 ·
179 1161 333 1222 Societas
345 1155 426 1242 Jesu
441 1159 464 1226 ἵ,
479 1166 579 1234 atque
595 1153 708 1218 etiam,
720 1161 758 1212 ut
771 1149 1018 1227 videtur,0rdo
1033 1149 1068 1211 S.
1079 1147 1264 1210 Benedicti.

182 1242 253 1305 cfr.
272 1241 437 1314 Schmier,
455 1241 476 1300 l.
494 1259 523 1300 c.
542 1259 574 1298 n.
593 1240 652 1316 352
669 1255 741 1315 sqq.

222 1324 299 1386 Huc
315 1331 395 1384 tunc
411 1327 542 1390 spect-at
564 1319 737 1395 obligatio,
764 1322 802 1378 ut
818 1314 1018 1376 admittatur
1039 1335 1170 1396 poena:
1196 1313 1268 1374 sive

182 1408 265 1468 haec
282 1405 344 1466 sub
359 1403 483 1465 veniali
501 1409 597 1463 reatu
613 1400 746 1462 subdito
766 1398 896 1480 positive
918 1399 1114 1477 imponatur
1130 1396 1267 1458 ferenda

182 1497 242 1550 aut
257 1488 385 1564 danda;
413 1489 484 1548 sive
507 1505 565 1560 reo
588 1486 679 1545 nul-la
695 1484 756 1544 sub
770 1489 910 1563 peccato
935 1481 1163 1562 praecipiatur
1179 1480 1268 1560 posi-

184 1571 254 1632 tiva
270 1590 398 1651 poenae
421 1567 603 1630 exsecutio

226 1655 353 1715 Neuter
369 1653 457 1731 enim
475 1653 593 1712 modus
609 1653 787 1729 repugnat.

226 1736 345 1812 Porro,
374 1735 429 1794 ubi
452 1743 560 1812 neque
582 1751 624 1792 ex
647 1737 773 1810 scripto
797 1728 880 1807 legis
906 1748 1013 1807 neque
1038 1748 1079 1789 ex
1100 1747 1163 1788 usu
1179 1727 1269 1790 aliud

186 1818 367 1898 colligitur,
399 1815 568 1878 existimat
598 1815 726 1876 Suarez
757 1814 894 1891 regulae
925 1811 1164 1892 obligationem
1196 1830 1269 1871 esse

183 1900 342 1962 verzr'rrlem.
367 1900 415 1960 De
438 1897 609 1976 Religione,
633 1906 677 1957 tr.
703 1899 734 1972 8,
759 1897 790 1970 l.¹
810 1916 835 1969 1,
861 1913 890 1954 c.
916 1917 945 1972 3,
971 1915 1005 1954 n.
1029 1900 1060 1955 8.

148 2007 152 2014 ·
223 1984 268 2044 Ν.
294 1984 334 2043 Β.
363 2005 376 2044 1
415 1981 510 2042 Haec
532 1978 790 2040 referunturad
814 1995 872 2036 eas
896 1977 1033 2056 regulae
1055 1980 1168 2055 partes
1185 1995 1270 2054 quae

1335 645 1450 702 Venialis,

1324 1849 1354 1882 se.
1367 1878 1371 1886 ,

182 2083 265 2124 vera
282 2067 455 2125 continent
478 2069 609 2123 statuta
630 2080 692 2122 nec
715 2061 788 2142 ipsa
809 2059 983 2120 declarant
1002 2066 1090 2119 vota.
1116 2059 1270 2137 Namque
1330 2123 1332 2125 ,
1379 2105 1380 2108 ¹

181 2148 279 2229 plura
296 2145 711 2220 consilia,adhortationes
729 2142 916 2222 praeceptis
935 2141 1067 2202 misceri
1084 2159 1269 2200 consueve-

184 2237 305 2290 verunt
335 2227 372 2288 In
389 2227 530 2287 materia
547 2233 660 2288 autem
678 2235 850 2300 votorum,
869 2226 992 2303 ,regula
1008 2222 1123 2283 definit
1139 2222 1218 2300 quid
1234 2243 1270 2282 ex

182 2316 254 2372 uoto
269 2311 437 2389 agendum
453 2309 496 2369 sit
512 2307 693 2385 Religioso.
820 2367 823 2373 .

227 2415 254 2455 2.
275 2391 415 2453 Articuli
432 2389 552 2469 quibus
569 2410 659 2452 mere
684 2388 928 2450 confirmantur
945 2393 1125 2468 praecepta
1139 2388 1202 2450 Dei
1219 2388 1272 2448 vel

186 2476 360 2537 Ecclesiae
376 2483 640 2555 praesumuntur
657 2473 732 2553 (nisi
756 2468 964 2532 eontrarium
983 2474 1127 2548 constet)
1146 2471 1271 2531 nullam

187 2578 309 2620 novam
325 2558 453 2632 addere
468 2556 719 2638 obligationem.
744 2554 899 2617 Sanclrez
920 2551 953 2613 iu
975 2551 1084 2614 Derai.
1104 2555 1124 2614 l.
1143 2558 1173 2632 6,
1191 2574 1220 2615 c.
1238 2577 1268 2632 2,

188 2662 220 2702 n.
239 2647 275 2718 63
293 2641 408 2709 Melot,
427 2661 460 2701 n.
477 2659 528 2718 53.
548 2689 550 2694 .

228 2726 317 2790 230.
336 2723 458 2786 Statim
475 2742 514 2783 ac
531 2721 669 2784 violatio
687 2723 822 2801 regulae
839 2722 894 2800 per
908 2739 939 2780 se
954 2718 1082 2780 inducit
1098 2717 1271 2780 conscien-

186 2805 253 2867 tiae
269 2808 519 2885 obligationem,
544 2805 680 2867 moratis
703 2804 769 2866 ista
792 2802 978 2864 necessitas
996 2803 1028 2864 in
1044 2802 1111 2863 alia
1128 2804 1271 2862 materia

186 2889 227 2947 ad
244 2888 340 2949 aliam
366 2889 542 2949 referenda
566 2896 617 2949 est
633 2889 805 2948 virtutem.
835 2886 965 2965 Regula
981 2885 1070 2946 enim
1087 2903 1147 2965 pro
1172 2887 1243 2963 lege
1259 2887 1272 2921 ³

186 2977 237 3026 est
249 2969 415 3029 habenda.
430 2970 542 3050 Quare
566 2970 702 3031 omissio
725 2969 896 3051 praecepti
912 2968 952 3029 de
965 2967 1094 3048 jejunio
1110 2967 1271 3050 adversa·

186 3048 276 3109 bitur
292 3051 545 3129 temperantiae,
564 3052 715 3130 religioni
732 3071 813 3112 vero
828 3050 1034 3130 negligentia
1050 3052 1269 3130 psalmorum.

220 3155 306 3212 231.
332 3156 495 3222 Quaeres
509 3154 546 3209 de
560 3156 661 3226 regula
674 3173 750 3226 quae
765 3173 816 3226 per
831 3173 862 3211 se
876 3173 936 3210 non
951 3156 1116 3227 imponitur
1130 3156 1185 3209 sub
1205 3171 1271 3226 pec-

184 3245 261 3308 cato,
277 3235 428 3310 quomodo
441 3234 556 3292 differat
571 3254 590 3293 a
604 3235 736 3294 consilio.

222 3339 247 3378 1,
261 3322 362 3378 Presse
374 3321 487 3376 dictum
497 3321 657 3376 discrimen
667 3322 860 3393 repetendum
876 3331 919 3377 est
933 3323 971 3377 ab
982 3323 1081 3393 aliqua
1096 3323 1271 3378 necessitate

149 3433 151 3438 s
185 3405 385 3462 conscientiae
404 3421 494 3476 quam
515 3403 621 3459 inserat
644 3406 755 3477 regula,
778 3423 840 3460 non
863 3418 964 3461 autem
989 3405 1161 3461 consilium.
1187 3403 1272 3480 Quae

187 3489 347 3544 necessitas
366 3487 421 3542 erit
444 3486 549 3542 saltem
569 3487 699 3560 patiendi
718 3489 964 3560 reprehensiones
990 3500 1018 3543 et
1043 3505 1172 3559 poenam
1196 3507 1273 3561 quae

189 3575 313 3645 positive
328 3569 500 3640 inserantur,
513 3572 552 3627 ita
567 3583 600 3627 ut
612 3571 696 3628 nefas
717 3575 755 3628 sit
769 3573 902 3629 resistere
916 3574 942 3628 ei
957 3591 974 3628 a
987 3590 1046 3646 quo
1060 3575 1204 3644 plecteris,
1218 3575 1272 3629 etsi

1355 3153 1472 3216 Quomodo
1563 3221 1564 3224 Ἴ

1325 3214 1460 3320 latre·

1326 3335 1365 3433 lm
1383 3344 1398 3375 o
1413 3329 1487 3376 oonsi-

1336 3402 1368 3434 ro.

188 3653 262 3712 sorte
276 3657 312 3712 ad
326 3655 402 3710 ultro
414 3656 484 3729 quid
504 3653 673 3713 faciendum
687 3658 809 3730 astringi
830 3675 960 3730 nequeas
975 3668 996 3713 4.
1012 3658 1133 3726 Contra,
1149 3659 1272 3714 omissio
1331 3716 1333 3724 ,

188 3739 303 3795 consilii
318 3756 378 3794 non
399 3751 443 3794 est
461 3739 572 3812 aliquid
593 3757 689 3812 poena
708 3741 844 3812 dignum.
861 3740 921 3798 Csr.
943 3742 1101 3812 Passerini,
1120 3742 1150 3797 in
1170 3743 1200 3798 h.
1216 3753 1271 3798 art.

188 3838 218 3876 n.
232 3839 277 3894 44.
294 3821 387 3876 Paulo
400 3822 484 3878 aliter
492 3823 627 3880 Sanchez
638 3819 672 3880 in
684 3819 785 3885 Decor.
802 3826 822 3880 l.
833 3824 860 3891 6,
874 3843 899 3881 c.
911 3844 939 3900 4,
955 3844 985 3881 n.
1003 3842 1034 3882 11
1049 3838 1078 3880 et
1095 3842 1137 3881 12.

221 3920 249 3960 2.
261 3904 341 3961 Hinc
352 3903 385 3960 fit
404 3917 436 3961 ut
446 3902 613 3980 Religiosus
632 3925 664 3964 se
682 3909 788 3964 debeat
798 3907 926 3981 profiteri
940 3910 1092 3966 subditum
1104 3912 1225 3983 regulae
1238 3930 1274 3969 eo

185 3989 274 4044 modo
284 4007 342 4062 quo
356 4008 417 4046 non
428 4001 471 4046 est
484 3993 615 4048 consiliis
628 3994 788 4066 sequendis
804 3995 961 4051 obnoxius,

208 4191 253 4240 18.
267 4189 363 4238 Thom.
381 4210 403 4243 2.
421 4211 443 4240 2.
463 4207 488 4250 q.
506 4202 554 4245 rso,
567 4194 678 4252 art9ad
693 4211 712 4240 r.
733 4221 760 4229 -
779 4197 789 4230 ’Ξ
805 4195 906 4242 Snarez
926 4196 962 4242 De
981 4195 1112 4254 mugiunt,
1128 4201 1162 4243 tr.
1184 4205 1205 4253 8,
1221 4197 1272 4254 l.1,

180 4261 203 4295 c.
217 4266 239 4301 a.
252 4263 279 4296 n.
295 4266 328 4303 ¹4·
342 4252 390 4285 -3
401 4250 455 4314 err.
470 4252 620 4311 Quaestiones
632 4251 658 4297 de
672 4255 783 4305 Jusn'lia.
798 4267 815 4299 n
835 4261 885 4314 5ο.

209 4310 219 4341 ⁴
238 4307 321 4367 Quod
333 4307 362 4372 Ιεἰ
383 4307 459 4355 dicas
478 4323 594 4366 poenam
614 4312 723 4368 proprie
746 4325 799 4356 non
819 4324 877 4357 esse
899 4309 951 4358 nisi
974 4311 1051 4370 prius
1075 4309 1156 4358 fuerit
1179 4313 1272 4370 culpa,

181 4364 338 4422 responden
357 4372 445 4423 potest
459 4369 580 4421 regulam
597 4367 677 4415 isram
694 4368 807 4424 intelligi
826 4382 906 4426 posse
922 4377 952 4417 ut
969 4370 1196 4430 praecipientem,
1209 4383 1273 4417 vero

182 4430 335 4487 praecepto,
351 4423 397 4487 sed
413 4425 546 4488 alternata
561 4425 733 4479 condicione.
752 4427 915 4483 patientiam
933 4429 1074 4476 molestiae
1094 4427 1168 4476 illius
1188 4428 1273 4476 instar

183 4491 297 4538 poenae,
310 4494 361 4527 nrsr
375 4482 502 4528 malueris
513 4481 584 4529 ultro
595 4485 705 4543 regulae
715 4483 917 4544 obtemperare.
