3142 5004
79 1185 188 1256 Licentia
203 1195 236 1236 est

78 1257 146 1302 aeque
160 1252 230 1293 inter·

74 1304 199 1360 protunda.

78 1383 201 1445 Exempla.

298 401 357 464 156
586 422 653 458 ears
669 422 788 470 quamn.
806 409 902 458 'sacrm
919 424 960 458 111.
978 424 1069 459 cnrur
1084 423 1105 459 11

338 583 369 625 2.
385 562 422 623 Id
436 567 549 623 tamen
565 579 633 621 non
655 564 706 620 est
729 559 899 640 putandus
922 559 1040 621 fecisse
1057 557 1119 620 nisi
1135 561 1225 622 clare
1242 560 1362 623 dixerit
1376 583 1384 635 ;

260 679 262 684 .
295 643 342 706 ita
358 651 395 706 ut
411 637 452 704 ne
468 644 540 725 ipsa
556 642 688 722 quidem
699 640 866 721 prohibitio
883 643 966 703 satis
984 642 1104 723 prodat
1120 642 1382 706 infirmationem

295 725 465 789 facultatis
481 725 591 787 factae
609 747 628 786 a
645 725 802 787 Praelato
815 724 986 788 inferiore.

337 810 447 870 Minus
473 809 574 870 etiam
602 808 736 869 licentia
765 813 877 889 uegeta
904 829 924 869 a
951 807 1107 869 Praelato
1137 805 1312 886 superiore
1342 809 1385 870 ab

294 891 451 954 inferiore
477 889 614 952 invalide
637 890 851 952 concedetur.
870 889 936 951 Sed
964 909 1022 970 per
1047 887 1176 950 relatam
1203 891 1383 970 repulsam,

265 991 267 998 ·
294 974 491 1054 praesertim
508 973 535 1035 si
552 975 668 1054 regula
685 972 869 1054 praecipiat
892 971 1210 1034 manifestationem.
1231 973 1384 1054 peccabi-

293 1067 361 1133 tur,
379 1056 440 1118 etsi
456 1061 512 1136 per
536 1075 567 1116 se
593 1076 659 1117 non
682 1056 845 1135 graviter,
864 1062 983 1118 contra
1007 1052 1156 1116 debitum
1172 1055 1381 1134 obsequium.

292 1137 343 1200 Ita
360 1137 564 1216 Lehmkubl‚
586 1145 611 1202 t.
633 1159 658 1215 1,
678 1157 749 1218 525.

333 1224 423 1287 262.
447 1223 637 1283 Prudenter
652 1221 859 1302 pensandum
879 1226 930 1281 est
954 1239 1040 1300 quae
1063 1219 1106 1280 sit
1122 1221 1240 1281 factae
1256 1224 1382 1284 veniae

292 1306 349 1366 vis
365 1325 406 1366 ac
422 1307 549 1367 virtus.
568 1304 664 1386 Quod
681 1303 787 1383 magis
804 1303 1004 1382 quibusdam
1021 1301 1149 1383 patebit
1166 1305 1337 1383 exemplis.

336 1409 364 1449 1.
381 1386 534 1448 Licentia
550 1405 635 1466 quae
654 1392 705 1447 est
722 1387 764 1448 ad
780 1386 952 1448 definitum
966 1405 1077 1460 usum,
1095 1384 1137 1445 ad
1153 1385 1296 1447 alterum
1312 1405 1385 1454 non,

290 1470 393 1531 valet.
418 1471 531 1552 Quare
555 1469 607 1530 cui
634 1489 706 1529 risus
733 1476 784 1529 est
807 1468 990 1550 permissus
1015 1487 1081 1529 non
1098 1467 1175 1528 licet
1192 1467 1376 1547 permutatio

220 1553 222 1558 ’
291 1570 403 1613 rerum
428 1571 570 1631 quarum
593 1551 755 1612 utilitates
782 1553 849 1612 sint
874 1550 1062 1612 formaliter
1088 1551 1204 1611 variae
1222 1571 1229 1619 ;
1247 1570 1305 1612 nec
1321 1549 1376 1630 qui

291 1632 365 1694 dare
387 1640 498 1714 potest
509 1634 565 1715 jus
581 1634 683 1696 habet
698 1633 857 1710 vendeadi,
883 1653 959 1694 cum
975 1634 1006 1695 id
1022 1633 1124 1694 addat
1140 1632 1239 1713 pretii
1262 1653 1379 1714 accep-

290 1715 425 1778 tionem.
446 1716 578 1778 Vendere
592 1726 706 1778 autem
722 1716 845 1796 poterit
859 1716 887 1778 is
904 1717 957 1778 cui
970 1716 1020 1778 fas
1034 1722 1084 1777 est
1098 1715 1172 1776 dare
1187 1721 1215 1776 et
1234 1716 1378 1798 accipere.

249 1862 252 1867 ,
277 1796 329 1882 ¹C.
347 1799 508 1880 deLugo,
523 1800 555 1862 d.
573 1822 607 1878 3,
621 1820 654 1860 n.
675 1817 744 1878 159.

330 1902 361 1943 2.
378 1882 410 1943 Is
427 1884 480 1944 cui
496 1883 572 1944 licet
585 1881 760 1964 pecuniam
773 1880 815 1942 ud
826 1881 963 1942 honestos
976 1901 1048 1942 usus
1059 1880 1252 1961 impendere
1264 1883 1379 1945 ludere

289 1979 330 2024 ea
360 1973 481 2046 potest,
512 1967 611 2027 modo
641 1966 734 2025 lusus
753 1965 870 2026 deceat
898 1965 1092 2044 religiosum
1119 1970 1220 2043 atque
1251 1967 1284 2026 id
1311 1985 1378 2027 non

288 2055 453 2126 repugnet
469 2047 603 2110 Ordinis
621 2047 771 2110 moribus
787 2047 811 2109 ¹.
828 2048 925 2110 Tunc
942 2048 1056 2124 etiam,
1073 2066 1114 2108 ex
1130 2047 1376 2111 rationabiliter

288 2128 459 2192 intellecta
473 2132 620 2207 licentia,
634 2149 800 2210 exponere
817 2130 924 2212 possis
940 2129 973 2191 id
989 2129 1077 2211 quod
1090 2131 1243 2192 lucratus
1259 2131 1372 2208 fueris

286 2210 395 2274 saiieua
406 2214 537 2276 deleaute
553 2213 655 2275 eodem
671 2212 755 2288 ludo,
774 2213 876 2276 immo
892 2212 993 2275 etiam
1010 2213 1076 2272 alia
1092 2213 1178 2288 vice,
1196 2233 1261 2274 non
1281 2213 1375 2274 nimis

287 2294 445 2375 distante,
462 2297 490 2358 si
503 2297 534 2358 id
550 2299 697 2378 postulet
712 2296 876 2375 quaedam
890 2295 1111 2360 humanitatis
1127 2301 1160 2355 et
1172 2295 1376 2358 urbanitatis

287 2377 387 2438 rati0.
764 2405 767 2408 ·

327 2480 357 2536 3.
376 2459 563 2522 Licentiam
588 2459 732 2540 cuipiam
756 2480 952 2523 concessam
981 2460 1080 2522 dandi
1109 2465 1169 2521 aut
1195 2459 1374 2541 accipiendi,

286 2542 419 2619 quando
434 2561 476 2601 ex
492 2541 681 2620 Superioris
699 2543 925 2605 declaratione
942 2547 996 2606 vel
1012 2541 1255 2607 consuetudine
1278 2541 1374 2612 Ordi-

285 2622 336 2682 nis
363 2632 521 2684 censetur
545 2623 635 2684 facta
661 2643 742 2702 erga
765 2644 881 2687 omnes
898 2627 1201 2700 indiscriminatim,
1218 2624 1369 2702 sequitur

284 2703 315 2764 in
332 2705 405 2766 aliis
421 2704 564 2766 facultas
581 2713 826 2786 consequenter
843 2710 1027 2790 accipiendi
1044 2722 1103 2774 aut
1120 2707 1229 2772 dandi.
1246 2710 1368 2786 Atque,

284 2805 325 2847 ex
350 2793 438 2848 sent.
466 2787 502 2848 P.
526 2788 572 2849 M.
590 2789 797 2867 Vitelleschi,
822 2792 899 2852 talis
915 2801 965 2852 est
989 2793 1022 2854 in
1046 2795 1214 2857 Societate
1229 2791 1320 2873 Jesu,
1339 2789 1371 2850 ni

284 2867 381 2929 aliter
408 2869 532 2944 dicant,
561 2889 654 2932 mens
678 2871 909 2950 Superiorem,
929 2876 1027 2936 modo
1043 2875 1212 2938 bonafide
1235 2880 1369 2954 agatur,

283 2969 368 3012 neve
383 2952 487 3013 velint
503 2953 557 3014 alii
574 2973 632 3033 per
647 2954 736 3034 aliqu
746 2975 792 3017 am
808 2965 845 3017 ut
868 2975 927 3036 per
943 2958 1088 3022 medium
1106 2960 1269 3021 indirecte
1284 2956 1371 3017 inter

283 3052 319 3094 se
332 3053 473 3096 munera
485 3043 706 3099 commutare.
726 3037 795 3102 Cfr.
810 3039 849 3102 C.
864 3041 904 3101 de
920 3040 1029 3120 Lug0,
1048 3043 1070 3105 l.
1085 3062 1114 3106 c.
1132 3047 1189 3117 165
1204 3039 1260 3120 qui
1273 3038 1375 3101 refert

282 3134 480 3197 responsum
497 3119 536 3180 P.
553 3119 740 3182 Generalis.

322 3222 353 3281 4.
370 3199 523 3263 Licentia
539 3202 619 3263 data
640 3203 826 3284 accipiendi
853 3206 950 3284 plura
975 3225 1117 3269 numero
1143 3203 1368 3288 imagunculae,

280 3283 412 3360 rosario,
427 3285 615 3346 uiimismata
627 3294 686 3346 aut
699 3287 763 3347 alia
776 3286 981 3368 hujusmodi,
992 3295 1054 3365 est,
1070 3288 1174 3350 tacita
1186 3287 1320 3350 licentia
1332 3305 1372 3346 ea

280 3363 511 3429 distribuendi.
529 3368 694 3443 Sanchea,
713 3371 734 3430 l.
753 3388 782 3430 c.
801 3390 829 3430 c.
851 3393 899 3448 19.
917 3390 950 3431 n.
977 3390 1031 3450 703
1048 3373 1183 3452 Laym.‚
1201 3372 1223 3432 l.
1241 3391 1271 3434 c.
1287 3390 1320 3432 n.
1338 3392 1368 3449 4.

321 3466 351 3526 5.
368 3449 421 3510 Ex
436 3449 540 3510 tacita
566 3452 619 3511 vel
646 3459 863 3532 praesumpta
887 3451 1028 3515 licentia
1046 3460 1189 3536 possunt
1212 3451 1368 3534 religiosi,

279 3528 306 3590 si
323 3534 495 3611 praelatus
512 3531 594 3592 adiri
612 3534 738 3611 nequit,
756 3534 904 3596 modicas
921 3535 1033 3597 facere
1060 3539 1306 3616 eleemosynas
1338 3534 1371 3596 in

275 3613 369 3693 gravi
381 3613 537 3695 pauperis
554 3616 767 3688 necessitate,
781 3624 840 3678 aut
853 3619 987 3696 quando
1000 3619 1030 3680 id
1044 3620 1086 3681 ad
1099 3618 1369 3680 aedificationem

278 3695 411 3756 videtur
427 3696 606 3777 pertinere.
631 3696 697 3758 Sed
714 3700 958 3761 contradicenti
975 3703 1134 3764 Praelato
1151 3709 1203 3762 est
1219 3700 1370 3780 acquies-

279 3776 432 3852 cendum,
457 3776 520 3839 nisi
542 3797 669 3859 pauper
693 3801 734 3842 ex
756 3790 907 3845 extrema
923 3793 1128 3848 necessitate
1148 3785 1204 3866 jus
1228 3784 1365 3858 habeat.

278 3859 446 3934 Palmieri,
465 3861 486 3920 l.
504 3879 533 3921 c.
551 3869 674 3941 n.'139.
1412 3883 1415 3890 '

318 3940 409 4001 Idem
425 3941 600 4004 dicendum
616 3945 654 4005 de
672 3944 802 4007 levibus
825 3945 1042 4010 dorzaiiouibus
1066 3969 1152 4029 quae
1168 3946 1264 4029 quasi
1280 3945 1370 4009 debi-

279 4025 333 4112 tae
349 4033 429 4084 sunt
440 4043 482 4084 ex
496 4027 713 4098 gratitudine.
728 4028 756 4089 si
769 4031 947 4109 religiosus
960 4033 1126 4110 quaedam
1141 4033 1231 4094 bona
1244 4031 1371 4092 habeat

278 4103 341 4167 sibi
355 4106 397 4167 ad
408 4125 506 4168 usum
522 4126 695 4172 concessa.
715 4110 750 4174 S.
768 4114 868 4193 Alph.
884 4115 906 4174 l.
922 4138 941 4195 4
957 4117 1014 4193 (5),
1034 4135 1066 4176 n.
1086 4137 1137 4178 21.
1320 4108 1322 4112 ’

304 4323 421 4372 ¹Innon
439 4327 535 4384 paucis
552 4327 752 4394 Religionibus,
772 4331 920 4389 pecuniam
942 4332 1008 4381 ludo
1027 4347 1162 4396 exponere
1180 4349 1235 4384 non
1248 4333 1370 4385 habetur

277 4393 327 4440 pro
335 4381 448 4431 honesta
457 4391 635 4434 recreatione.
