3148 5004
166 415 345 546 [f89-191]
418 483 455 520 nu
471 482 640 520 uosrrrxrus
656 483 842 522 ssessstrxrs
856 484 894 520 er
908 484 1063 527 nuruucrrs
1196 461 1257 527 lttl

163 619 308 678 induendi
323 627 437 676 vestem
460 618 630 692 religiosam
653 618 729 675 inter
747 618 927 676 novitiatum
950 625 1047 674 ortam
1073 634 1137 675 esse
1152 634 1189 674 ex
1204 633 1261 674 usu

162 703 361 763 renunciandi
380 702 549 760 novitiatui.
563 701 728 776 Assumpto
745 703 827 761 enim
841 701 945 760 habitu
959 699 1185 774 significabatur
1205 701 1262 758 ista

162 788 362 847 renunciatio.

207 901 258 963 Ad
280 899 506 962 substantiam
530 904 645 962 autem
669 899 805 962 minime
830 899 975 983 pertinet
992 904 1029 961 ut
1046 898 1166 961 induas
1183 900 1259 978 pro·

158 983 267 1068 prium
283 981 488 1044 novitiorum
505 980 671 1046 habitum.

207 1068 228 1129 b
233 1082 242 1142 t
252 1067 306 1129 Ex
315 1065 392 1147 jure
405 1063 541 1145 speciali
554 1063 735 1127 societatis
748 1065 841 1148 Jesu,
857 1070 930 1127 tota
946 1062 1101 1147 probatio
1114 1062 1148 1126 in
1162 1067 1259 1124 veste

165 1148 310 1212 seculari
326 1146 442 1228 peragi
460 1149 564 1209 valet.

208 1254 238 1296 2.
266 1232 393 1293 Cetera
419 1248 505 1309 quae
532 1231 763 1307 disciplinam
784 1228 958 1291 continent
982 1228 1167 1291 novitiatus
1190 1226 1257 1288 huc
1346 1246 1398 1307 Quo
1411 1252 1475 1295 uem.

165 1321 332 1397 spectant,
357 1322 394 1374 ut
411 1311 573 1388 novitius
590 1310 623 1373 in
641 1313 758 1374 habitu
781 1311 940 1392 regulari,
962 1310 1024 1372 sub
1040 1311 1143 1373 ductu
1160 1327 1258 1393 prae·
1315 1305 1370 1371 auin
1413 1309 1476 1365 regr-

165 1396 224 1462 lati
240 1395 406 1477 regularis
422 1395 617 1476 experiatur
634 1393 768 1456 Ordinis
786 1393 1011 1458 difficultates
1315 1376 1387 1412 mane.

201 1503 247 1561 De
258 1501 430 1558 Novitiatus
439 1501 584 1573 regimine
595 1499 923 1571 estC.Clementisv1n‚
932 1494 1070 1571 Cumlad
1077 1483 1259 1574 regularem,
1338 1528 1479 1578 actm„-

167 1606 201 1662 19
215 1596 303 1646 mart.
319 1584 400 1658 1603,
421 1601 523 1641 rursus
545 1585 735 1656 promulgata
757 1585 794 1640 ab
816 1582 940 1642 Urbano
954 1599 1010 1642 vm
1035 1600 1088 1658 per
1099 1582 1130 1642 S.
1146 1584 1261 1656 Congr·
1317 1589 1348 1634 tis
1364 1587 1441 1637 Vm.
1530 1619 1533 1623 -

166 1671 293 1732 Concilii
310 1669 437 1728 Decreto
457 1663 555 1726 Sacra
573 1663 789 1746 Congregati0‚
808 1667 887 1743 1624,
899 1686 991 1743 quae,
1011 1669 1067 1726 etsi
1086 1685 1185 1743 presse
1198 1687 1260 1726 non

166 1758 279 1832 obligat
291 1755 348 1813 nisi
359 1772 410 1811 eas
429 1753 592 1810 novitiatus
601 1753 707 1810 domos
717 1771 795 1828 quae
806 1772 824 1811 a
834 1753 865 1813 S.
877 1754 954 1814 Sede
967 1765 1037 1811 sunt
1047 1748 1259 1827 designandae,

166 1841 360 1900 excellentem
390 1848 493 1895 tamen
520 1838 661 1895 omnibus
682 1839 824 1911 praebent
845 1837 974 1896 formam
990 1830 1165 1896 instituendi
1182 1839 1261 1896 vit'ae

165 1925 321 1997 religiosae
335 1924 457 1979 tirones.

202 2010 250 2068 En
263 2007 422 2083 praecipua
436 2005 533 2079 capita
549 2024 557 2063 :

203 2112 230 2153 1.
243 2093 322 2152 Cura
344 2090 525 2166 novitiorum
548 2088 746 2146 demandatur
763 2086 912 2168 magistro
939 2086 1134 2162 novitiorum,
1151 2092 1201 2165 qui
1222 2099 1261 2157 sit

166 2176 312 2246 sacerdos,
330 2187 403 2249 35ωὶι
416 2174 522 2230 saltem
539 2169 689 2246 ingressus
702 2175 808 2230 aetatis
821 2191 947 2244 annum,
962 2184 992 2230 et
1004 2192 1023 2231 a
1040 2191 1074 2232 10
1090 2179 1178 2234 armis
1193 2196 1261 2251 pro·

167 2261 274 2320 fessus.
288 2261 336 2332 Ei,
354 2260 379 2316 si
396 2259 514 2332 expedit
535 2275 587 2331 pro
606 2275 732 2315 numero
745 2259 941 2328 novitiorum,
965 2259 1137 2334 adjungitur
1151 2260 1258 2336 sociare,

168 2347 219 2421 qui
242 2344 362 2418 triginta
385 2343 542 2400 excesserit
557 2359 664 2401 annos
684 2341 784 2399 Ambo
806 2352 921 2415 oportet
937 2352 969 2400 ut
981 2353 1088 2400 vacent
1107 2343 1144 2399 ab
1160 2341 1259 2402 officio

169 2448 229 2505 quo
241 2447 259 2486 a
271 2428 451 2486 novitiorum
467 2427 547 2483 bona
569 2427 755 2484 institutione
777 2426 1005 2500 prohiberentur
1016 2425 1043 2504 εξ
1060 2443 1104 2500 13.
1121 2428 1177 2504 14).
1194 2428 1280 2487 Ma-'

168 2516 259 2588 gister
272 2524 316 2572 est
328 2532 407 2571 unus
426 2511 623 2571 confessarius
645 2511 811 2569 ordinarius
833 2512 1034 2571 novitiorum..
1052 2511 1138 2571 Licet
1157 2523 1259 2572 tamen

168 2599 327 2674 Superiori,
343 2593 433 2657 etiam
445 2599 541 2667 locali,
559 2597 651 2654 semel
673 2606 727 2654 aut
739 2597 786 2653 bis
809 2597 840 2653 in
863 2614 956 2668 anno,
981 2615 1032 2670 per
1053 2615 1086 2654 se
1098 2598 1145 2654 vel
1164 2599 1257 2656 alium

167 2686 205 2743 ab
225 2703 261 2744 eo
276 2685 462 2758 deputatum,
478 2682 581 2740 audire
594 2682 776 2739 novitiorum
791 2679 992 2739 confessiones
1007 2680 1075 2754 (28).
1203 2735 1206 2740 .

202 2785 230 2826 2.
239 2767 416 2826 -Novitiatus
428 2785 447 2824 a
456 2766 673 2840 reliquadomo
688 2783 779 2840 quam
795 2766 933 2823 habitant
947 2764 1081 2839 professi,
1095 2767 1183 2824 debet
1196 2785 1261 2826 esse

168 2861 322 2926 separatus
335 2862 364 2908 et
378 2851 497 2907 clausus
511 2853 550 2926 (7)
557 2868 566 2920 ;
587 2859 625 2920 et,
639 2851 664 2906 si
679 2849 742 2907 fieri
758 2861 868 2924 potest,
892 2866 962 2907 cum
981 2851 1119 2908 distincto
1132 2853 1261 2910 oratorio

170 2946 281 2993 etcum
295 2936 381 2991 horto
394 2934 535 3008 peculiari
549 2932 617 3011 (ιο).
633 2933 667 2991 ln
679 2934 852 2991 universum
869 2951 980 3006 magna
993 2952 1010 2991 a
1024 2933 1163 3007 professis
1177 2952 1262 3008 sepa·

157 3019 244 3077 'ratio
259 3019 436 3094 injungitur.

206 3119 234 3176 3.
249 3101 356 3159 Doceri
370 3102 477 3160 debent
490 3101 595 3158 novitii
606 3101 773 3174 regularem
794 3101 983 3174 disciplinam
998 3111 1029 3159 et
1041 3103 1159 3176 regulas
1173 3101 1262 3160 Insti-

170 3188 227 3246 tuti
240 3186 309 3263 (16).

204 3291 232 3348 4.
249 3272 511 3330 Praescribuntur:
530 3274 559 3347 a)
574 3268 609 3327 In
623 3270 706 3327 initio
725 3267 874 3326 confessio
894 3271 1041 3342 generalis
1051 3272 1149 3332 ,totius
1162 3272 1259 3341 vitae3

169 3357 200 3433 b)
212 3355 368 3416 Confessio
383 3357 488 3413 saltem
502 3356 547 3412 bis
559 3356 591 3412 in
606 3370 728 3415 mense:
749 3359 775 3420 cl
789 3352 841 3430 Bis
862 3353 892 3409 in
906 3353 953 3409 die
967 3353 1061 3410 oratio
1075 3354 1213 3411 mentalis
1232 3365 1262 3412 et

171 3442 291 3512 vocalis,
306 3441 471 3498 secundum
487 3439 636 3513 propriam
656 3437 801 3513 cujusque
817 3436 1013 3510 capacitatem
1022 3453 1030 3506 ;
1051 3437 1081 3512 d)
1095 3437 1210 3495 Pluries
1229 3439 1261 3497 in

170 3526 217 3584 die
227 3525 371 3583 discussio
380 3525 513 3597 propriae
522 3522 731 3592 conscientiae;
743 3519 962 3598 elQuotidiana
973 3520 1098 3592 aperitio
1108 3522 1262 3579 conscien-

170 3611 243 3683 tiae3
258 3609 282 3687 f)
296 3609 405 3667 Missae
420 3618 449 3667 et
460 3607 557 3666 officio
570 3607 716 3665 canonico
731 3607 905 3679 quotidiana
927 3605 1096 3663 assistentia
1102 3622 1110 3676 ;
1135 3615 1164 3680 g)
1180 3605 1262 3664 Usus

170 3693 310 3770 frequens
329 3705 585 3752 sacramentorum
593 3710 601 3763 ;
627 3693 658 3754 hl
680 3690 837 3767 Quaedam
864 3690 1076 3761 recreationes3
1100 3699 1139 3762 et,
1167 3689 1261 3749 semel

171 3782 277 3838 saltem
305 3781 336 3838 in
362 3780 487 3852 singulis
509 3777 678 3853 quindenis,
708 3775 824 3848 longior
846 3775 988 3832 recreatio
1012 3785 1093 3833 extra
1120 3775 1260 3846 domum;

172 3864 192 3927 il
208 3863 369 3937 Deputatio
383 3865 497 3934 novitii,
513 3875 610 3920 aetate
629 3871 658 3919 et
677 3860 812 3918 moribus
825 3858 1024 3932 provectioris,
1042 3860 1093 3933 qui
1114 3860 1263 3918 custodiat

168 3948 307 4024 januam,
322 3958 351 4005 et
363 3949 500 4022 suppleat
513 3949 667 4004 absentem
679 3945 804 4014 socium,
820 3945 851 4000 in
865 3944 990 4000 minoris
1012 3943 1162 4001 momenti
1174 3943 1263 4001 rebus

172 4030 263 4102 [6425
282 4030 383 4100 16-21).
398 4031 459 4090 Cfr.
474 4032 573 4105 ipsum
587 4031 814 4087 documentum.

207 4131 233 4192 5.
250 4117 489 4175 Commendatur
500 4117 591 4174 etiam
605 4132 676 4172 cura
687 4112 811 4170 fratrum
828 4130 1038 4170 conversorum
1054 4111 1122 4185 (22).
