3148 5004
167 481 203 560 [8
207 481 228 538 7
229 477 305 556 -90]
525 493 562 528 oa
576 491 734 528 vanissime
749 489 926 526 nscioronuu
1217 469 1256 531 5¹!

162 641 285 696 auctor
302 631 365 693 fuit
388 630 425 693 S.
447 628 667 706 Pakhomius,
692 625 926 688 authenticum
944 630 1057 687 autem
1081 625 1153 707 ejus
1170 625 1255 689 desi·

162 718 303 780 deratur
332 721 588 776 monumentum
618 710 642 772 ¹.
677 711 744 773 Pro
774 708 928 790 genuinis
958 707 1127 771 habentur
1157 708 1255 772 hodie

162 807 327 877 utraeque
340 796 478 877 regulae
495 795 531 857 S.
548 792 677 856 Basilii.
702 793 908 872 Regularum
925 810 1065 853 numero
1082 792 1255 854 accenseri

163 886 277 964 potest
305 879 447 962 epistola
488 877 529 938 ad
569 875 822 938 santimoniales
852 893 954 954 quam
978 873 1014 937 S.
1043 875 1253 954 Augustinus
1324 913 1326 918 ,

167 963 301 1045 scripsit
313 975 347 1024 a⁰
362 983 421 1042 423
435 960 459 1022 ².
474 960 529 1022 Sic
543 957 757 1041 pervenimus
770 957 813 1020 ad
825 955 932 1037 magis
958 956 1106 1020 illustres
1120 959 1254 1038 regulas

168 1046 205 1110 S.
219 1045 404 1120 Benedicti,
422 1043 458 1105 S.
473 1041 658 1118 Francisci,
672 1048 738 1104 etc.

208 1130 272 1194 89.
288 1149 316 1190 1.
330 1125 439 1208 Origo.
456 1127 537 1188 Post
550 1144 580 1187 c.
594 1123 826 1187 Lateranense
842 1139 878 1184 1v
894 1123 1013 1201 (1215),
1031 1122 1120 1202 quod
1136 1129 1254 1187 vetue-

166 1216 221 1272 rat
237 1209 363 1288 nequis
379 1207 594 1290 profiteretur
617 1205 811 1287 religionem
835 1204 897 1267 nisi
920 1205 982 1266 sub
1000 1207 1117 1285 regula
1133 1225 1254 1288 appro-

167 1293 247 1355 bata
263 1313 283 1354 a
295 1293 331 1355 S.
349 1291 447 1368 Sede,
465 1310 549 1371 opus
562 1289 624 1351 luit
640 1296 677 1350 ut
691 1289 881 1350 conditores
897 1286 1100 1350 familiarum
1119 1289 1251 1369 religio·

165 1396 277 1438 sarum
294 1374 445 1455 regulam
455 1379 674 1435 assumerent
698 1391 739 1432 ex
755 1369 1014 1450 antiquioribus,
1041 1370 1112 1452 jam
1128 1372 1251 1452 proba·

163 1457 218 1520 tis.
236 1459 311 1520 Non
328 1456 483 1518 solebant
494 1455 584 1517 enim
597 1454 660 1518 SS.
675 1453 856 1516 Pontifices
873 1473 962 1515 nova
978 1452 1138 1516 Instituta
1154 1454 1252 1516 aliter

164 1541 378 1603 confirmare.
404 1537 509 1601 Simili
527 1557 608 1618 ergo
633 1537 731 1598 modo
747 1555 813 1615 quo
835 1536 905 1618 jam
922 1542 1023 1596 antea
1039 1535 1075 1598 S.
1093 1537 1253 1600 Romual-

164 1624 225 1685 dus
241 1627 282 1703 (s.
306 1626 355 1701 xl)
381 1641 464 1684 usus
479 1629 554 1682 erat
577 1621 695 1700 regula
721 1617 757 1682 S.
786 1617 972 1693 Benedicti,
987 1617 1023 1680 S.
1041 1618 1250 1696 Dominicus,

165 1725 199 1768 v.
216 1725 281 1786 gn,
298 1703 473 1785 adoptavit
499 1702 561 1765 sibi
588 1703 739 1782 regulam
762 1701 798 1764 S.
824 1700 1015 1782 Augustini,
1033 1719 1119 1781 quae
1143 1703 1252 1765 evasit

166 1787 267 1850 etiam
281 1787 470 1850 communis
487 1804 605 1846 norma
617 1782 1095 1863 canonicorumregularium;
1111 1783 1250 1848 Clericis

163 1890 246 1932 vcro
278 1870 441 1934 Ministris
471 1868 685 1932 Inlirmorum
717 1875 841 1947 negata
870 1876 922 1928 est
948 1867 1081 1945 aliquod
1119 1872 1250 1949 tempus

162 1953 271 2032 (Sixto
287 1971 309 2014 v
331 1952 508 2028 Pontifice)
532 1949 744 2031 approbatio,
762 1949 840 2030 quia
862 1948 925 2010 sub
947 1951 1040 2011 nulla
1061 1949 1251 2031 antiquiore

162 2037 282 2115 regula
297 2043 411 2098 essent
428 2032 615 2096 constituti.

204 2121 369 2198 Regulam
395 2124 507 2179 tamen
534 2116 645 2192 istam,
670 2134 730 2196 per
757 2113 940 2195 peculiaria
955 2119 1097 2192 statuta,
1115 2115 1157 2177 ad
1174 2136 1249 2198 pro·

163 2200 275 2283 prium
292 2201 343 2261 sui
360 2198 508 2261 Instituti
525 2198 638 2275 finem,
656 2196 855 2277 religionum
878 2205 1036 2258 auctores
1059 2216 1249 2260 accommo-

164 2284 246 2344 dare
283 2292 543 2344 consueverunt.
583 2282 636 2343 lta
673 2280 805 2342 factum·
837 2287 899 2356 est,
940 2285 977 2340 ut
1014 2290 1169 2360 coeptum
1197 2281 1249 2344 'sit

165 2363 324 2445 distingui
357 2363 443 2426 inter
464 2361 631 2447 Regnlntn,
664 2382 730 2441 qua
756 2363 900 2444 primum
928 2361 1032 2423 veluti
1059 2363 1248 2443 ponebatur

162 2447 427 2524 fundamentum,
442 2454 475 2508 et
489 2445 595 2526 magis
608 2445 794 2527 peculiares
807 2444 1056 2508 Constitutiones.
1067 2444 1101 2506 Si
1114 2449 1248 2526 quando

162 2528 280 2592 deinde
309 2531 509 2611 permissum
533 2536 584 2590 est
608 2546 697 2590 novo
713 2528 829 2590 Ordini
852 2526 996 2610 propriis
1020 2535 1151 2590 tantum
1175 2531 1248 2611 regi

160 2613 302 2692 legibuS,
334 2612 398 2673 hae
424 2620 537 2674 tamen
569 2610 831 2674 Constitutioninn
862 2611 1076 2672 retinuerunt
1111 2631 1246 2675 nomen.

159 2697 317 2758 Potestas
334 2695 398 2756 ista
424 2697 515 2756 facta
532 2700 582 2755 est
599 2693 705 2775 primo
727 2693 975 2772 Carthusiauis,
994 2693 1050 2774 qui
1073 2695 1153 2756 dicti
1168 2702 1248 2758 sunt

161 2804 176 2834 ‹
204 2777 473 2841 Constitutiones
496 2796 557 2858 pro
574 2779 692 2856 regula
710 2775 847 2838 habere.
868 2803 881 2831 »

202 2883 233 2923 2.
250 2860 301 2923 Ad
324 2861 387 2921 vim
403 2860 490 2938 quod
513 2859 647 2936 attinet,
671 2859 787 2938 regula
813 2863 965 2940 praestat
990 2858 1172 2938 antiquitate
1179 2880 1191 2928 ;
1214 2869 1248 2923 et

162 2941 267 3005 sicubi
283 2943 399 3022 vigent
422 2942 520 3004 simul
536 2943 653 3021 regula
675 2952 709 3004 et
726 2943 996 3016 constitutiones,
1021 2942 1111 3021 paris
1127 2943 1249 3006 ambae

163 3032 241 3086 sunt
256 3025 479 3101 auctoritatis,
498 3044 616 3087 verum
634 3023 751 3099 regula
763 3033 814 3084 est
830 3023 953 3104 aliquid
966 3023 1065 3105 magis
1077 3044 1245 3105 commune,

163 3106 250 3186 quod
267 3107 404 3188 proinde
419 3108 521 3190 inagis
537 3108 580 3169 sit
595 3106 703 3169 stabile
725 3115 759 3168 et
775 3107 921 3184 lirmum,
946 3113 979 3168 et
995 3107 1037 3167 ad
1053 3105 1159 3186 plnres
1175 3129 1247 3191 per·

161 3188 269 3252 tineat
291 3187 431 3252 Ordines.

202 3274 266 3340 90.
286 3295 314 3336 1.
337 3274 432 3335 Aliae
448 3271 651 3353 Religiones,
677 3269 896 3351 antiquiores,
921 3270 1065 3333 militare
1089 3272 1247 3336 dicuntur

157 3353 213 3416 sub
241 3375 310 3418 una
335 3354 443 3438 regula
469 3355 520 3417 sui
547 3354 756 3417 fundatoris:
788 3353 834 3415 ita
862 3354 1001 3415 Fratres
1025 3354 1188 3432 Minores;
1213 3359 1248 3420 in

158 3438 338 3518 plerisque,
362 3436 486 3520 regulae
506 3437 604 3499 alicui
629 3438 665 3498 lit
688 3437 838 3499 accessio
861 3435 1140 3506 Constitutionuni;
1163 3451 1247 3501 nou-

147 3520 270 3584 ,nullae
286 3520 413 3582 habent
429 3519 673 3582 Constitutiones
683 3524 740 3600 per
753 3519 880 3581 nontin
902 3517 1038 3601 regulae.

200 3621 230 3663 2.
247 3603 377 3682 Regula
403 3602 439 3666 S.
457 3601 575 3663 Basilii
597 3603 683 3682 regit
707 3605 891 3664 monachos
914 3601 999 3663 ritus
1022 3601 1148 3682 graeci.

199 3683 269 3746 Sub
300 3687 417 3765 regula
442 3684 478 3747 S.
510 3683 670 3747 Benedicti
700 3685 819 3746 vivunt
837 3684 1056 3763 potissimum
1088 3687 1246 3750 monachi

157 3763 361 3844 Occidentis,
384 3773 419 3829 et
436 3767 527 3829 luere
543 3768 644 3829 etiam
662 3766 796 3846 quidam
823 3766 965 3830 Ordines
992 3767 1181 3832 militares:
1209 3776 1248 3832 ut

157 3849 412 3912 Alcantarensis
427 3863 461 3911 et
476 3849 757 3931 Templariorum.

170 3957 172 3962 ’
199 3931 235 3994 S.
247 3932 419 4015 Augustini
429 3935 546 4012 regula
558 3940 701 3994 utuntur
717 3931 871 3994 canonici
883 3934 1068 4010 regulares,
1085 3933 1245 3996 Erenritne

156 4013 192 4076 S.
209 4014 402 4094 Augustini,
417 4022 450 4076 et
466 4016 578 4096 plures
593 4015 661 4092 alii,
679 4013 810 4091 quibus.
829 4034 890 4095 pro
914 4015 979 4076 fine
1004 4016 1145 4092 intento,
1166 4036 1244 4078 con-

154 4095 324 4176 gruebant
353 4096 521 4160 faciliores
552 4101 655 4177 leges.
680 4097 736 4160 Sic
758 4097 827 4160 FF.
843 4097 1114 4175 Praedicatores,
1145 4098 1244 4160 Servi

183 4381 192 4416 1
203 4380 260 4431 Clr.
273 4381 411 4439 Ladeuze,
423 4383 458 4431 Le
467 4382 772 4442 cinobitismepaltbdmim,
782 4397 810 4442 p.
822 4387 932 4439 256·272.

181 4451 254 4512 2Ερ.
266 4470 320 4511 arr,
333 4452 436 4515 Migne,
449 4455 480 4502 P.
494 4455 526 4502 L.
540 4459 558 4502 t.
572 4460 609 4510 33,
622 4454 674 4501 col.
687 4460 798 4514 960-965.

1332 1134 1466 1182 Distinctio

1309 1191 1370 1239 inter
1399 1205 1465 1250 regu·

1308 1249 1355 1296 tam
1375 1254 1396 1295 et
1413 1263 1466 1297 con·

1307 1308 1448 1356 alitationes.

1310 1419 1456 1475 Unnona:
1498 1419 1502 1428 '

1303 2865 1458 2926 Quosspeclet.

1333 3289 1458 3337 Hodierna

1302 3351 1405 3396 varietas
1423 3363 1457 3394 re·

1299 3405 1417 3466 gularum.
