<?xml version="1.0" encoding="UTF-8"?>
<!DOCTYPE html PUBLIC "-//W3C//DTD XHTML 1.0 Transitional//EN"
    "http://www.w3.org/TR/xhtml1/DTD/xhtml1-transitional.dtd">
<html xmlns="http://www.w3.org/1999/xhtml" xml:lang="en" lang="en">
 <head>
  <title>
</title>
<meta http-equiv="Content-Type" content="text/html;charset=utf-8" />
  <meta name='ocr-system' content='tesseract 3.04.00' />
  <meta name='ocr-capabilities' content='ocr_page ocr_carea ocr_par ocr_line ocrx_word'/>
</head>
<body>
  <div class='ocr_page' id='page_1' title='image "./dereligiosisins00vermgoog_0062.png"; bbox 0 0 3148 5004; ppageno 0'>
   <div class='ocr_carea' id='block_1_1' title="bbox 211 279 219 314">
    <p class='ocr_par' dir='ltr' id='par_1_1' title="bbox 211 279 219 314">
     <span class='ocr_line' id='line_1_1' title="bbox 211 279 219 314; baseline 0 0"><span class='ocrx_word' id='word_1_1' title='bbox 211 279 219 314; x_wconf 79' lang='lat' dir='ltr'>l</span> 
     </span>
    </p>
   </div>
   <div class='ocr_carea' id='block_1_2' title="bbox 130 386 1315 469">
    <p class='ocr_par' dir='ltr' id='par_1_2' title="bbox 130 386 1315 469">
     <span class='ocr_line' id='line_1_2' title="bbox 130 386 1315 469; baseline -0.007 -19"><span class='ocrx_word' id='word_1_2' title='bbox 130 445 133 450; x_wconf 93' lang='lat'>.</span> <span class='ocrx_word' id='word_1_3' title='bbox 156 386 288 469; x_wconf 66' lang='lat' dir='ltr'>[al-42]</span> <span class='ocrx_word' id='word_1_4' title='bbox 350 410 387 448; x_wconf 75' lang='lat' dir='ltr'>ne</span> <span class='ocrx_word' id='word_1_5' title='bbox 404 406 508 446; x_wconf 72' lang='lat' dir='ltr'>suanus</span> <span class='ocrx_word' id='word_1_6' title='bbox 524 407 662 446; x_wconf 72' lang='lat' dir='ltr'>asaroton</span> <span class='ocrx_word' id='word_1_7' title='bbox 678 409 775 446; x_wconf 82' lang='lat' dir='ltr'>nurus</span> <span class='ocrx_word' id='word_1_8' title='bbox 790 409 826 445; x_wconf 80' lang='lat' dir='ltr'>nr</span> <span class='ocrx_word' id='word_1_9' title='bbox 842 411 1044 448; x_wconf 77' lang='lat' dir='ltr'>nnoanessrnus</span> <span class='ocrx_word' id='word_1_10' title='bbox 1196 389 1235 450; x_wconf 66' lang='lat' dir='ltr'>ffl&#39;l</span> <span class='ocrx_word' id='word_1_11' title='bbox 1312 449 1315 452; x_wconf 50' lang='grc'><strong>,</strong></span> 
     </span>
    </p>
   </div>
   <div class='ocr_carea' id='block_1_3' title="bbox 90 544 1236 1535">
    <p class='ocr_par' dir='ltr' id='par_1_3' title="bbox 90 544 1236 1535">
     <span class='ocr_line' id='line_1_3' title="bbox 144 544 1236 628; baseline 0.003 -21"><span class='ocrx_word' id='word_1_12' title='bbox 144 545 304 628; x_wconf 77' lang='lat' dir='ltr'>Europae</span> <span class='ocrx_word' id='word_1_13' title='bbox 317 545 475 628; x_wconf 82' lang='lat' dir='ltr'>regiones</span> <span class='ocrx_word' id='word_1_14' title='bbox 500 544 613 608; x_wconf 87' lang='lat' dir='ltr'>intulit</span> <span class='ocrx_word' id='word_1_15' title='bbox 638 545 735 608; x_wconf 89' lang='lat' dir='ltr'>fidem</span> <span class='ocrx_word' id='word_1_16' title='bbox 749 547 1019 609; x_wconf 69' lang='lat' dir='ltr'>et‘monasticam</span> <span class='ocrx_word' id='word_1_17' title='bbox 1040 548 1144 610; x_wconf 85' lang='lat' dir='ltr'>vitam</span> <span class='ocrx_word' id='word_1_18' title='bbox 1162 567 1236 622; x_wconf 72' lang='lat' dir='ltr'>¹una</span> 
     </span>
     <span class='ocr_line' id='line_1_4' title="bbox 134 627 1236 712; baseline 0.006 -26"><span class='ocrx_word' id='word_1_19' title='bbox 134 645 222 692; x_wconf 87' lang='lat' dir='ltr'>.cum</span> <span class='ocrx_word' id='word_1_20' title='bbox 239 627 327 692; x_wconf 92' lang='lat' dir='ltr'>civili</span> <span class='ocrx_word' id='word_1_21' title='bbox 343 631 451 706; x_wconf 84' lang='lat' dir='ltr'>cultu,</span> <span class='ocrx_word' id='word_1_22' title='bbox 469 627 736 711; x_wconf 89' lang='lat' dir='ltr'>praecipuusque</span> <span class='ocrx_word' id='word_1_23' title='bbox 752 631 880 692; x_wconf 85' lang='lat' dir='ltr'>exstitit</span> <span class='ocrx_word' id='word_1_24' title='bbox 893 633 1065 712; x_wconf 87' lang='lat' dir='ltr'>apostolus</span> <span class='ocrx_word' id='word_1_25' title='bbox 1077 632 1236 694; x_wconf 82' lang='lat' dir='ltr'>Alaman-</span> 
     </span>
     <span class='ocr_line' id='line_1_5' title="bbox 146 729 456 779; baseline 0.006 -7"><span class='ocrx_word' id='word_1_26' title='bbox 146 729 280 779; x_wconf 82' lang='lat' dir='ltr'>norum.</span> <span class='ocrx_word' id='word_1_27' title='bbox 453 732 456 736; x_wconf 80' lang='grc'>’</span> 
     </span>
     <span class='ocr_line' id='line_1_6' title="bbox 90 792 1235 874; baseline 0.003 -20"><span class='ocrx_word' id='word_1_28' title='bbox 90 803 93 808; x_wconf 89' lang='grc'><strong>’</strong></span> <span class='ocrx_word' id='word_1_29' title='bbox 187 793 315 860; x_wconf 90' lang='lat' dir='ltr'>Verum</span> <span class='ocrx_word' id='word_1_30' title='bbox 332 813 422 857; x_wconf 92' lang='lat' dir='ltr'>nova</span> <span class='ocrx_word' id='word_1_31' title='bbox 434 799 529 854; x_wconf 88' lang='lat' dir='ltr'>aetas</span> <span class='ocrx_word' id='word_1_32' title='bbox 542 792 716 856; x_wconf 78' lang='lat' dir='ltr'>exorditur</span> <span class='ocrx_word' id='word_1_33' title='bbox 728 793 904 856; x_wconf 87' lang='lat' dir='ltr'>monachis</span> <span class='ocrx_word' id='word_1_34' title='bbox 920 815 940 856; x_wconf 89' lang='lat' dir='ltr'>a</span> <span class='ocrx_word' id='word_1_35' title='bbox 953 795 1068 874; x_wconf 85' lang='lat' dir='ltr'>regula</span> <span class='ocrx_word' id='word_1_36' title='bbox 1086 794 1122 857; x_wconf 88' lang='lat' dir='ltr'>S.</span> <span class='ocrx_word' id='word_1_37' title='bbox 1139 795 1235 858; x_wconf 89' lang='lat' dir='ltr'>Basi-</span> 
     </span>
     <span class='ocr_line' id='line_1_7' title="bbox 145 875 1234 961; baseline 0 -23"><span class='ocrx_word' id='word_1_38' title='bbox 145 876 180 939; x_wconf 93' lang='lat' dir='ltr'>lii</span> <span class='ocrx_word' id='word_1_39' title='bbox 202 877 236 940; x_wconf 90' lang='lat' dir='ltr'>in</span> <span class='ocrx_word' id='word_1_40' title='bbox 252 877 405 958; x_wconf 90' lang='lat' dir='ltr'>partibus</span> <span class='ocrx_word' id='word_1_41' title='bbox 421 875 571 938; x_wconf 82' lang='lat' dir='ltr'>Orientis</span> <span class='ocrx_word' id='word_1_42' title='bbox 586 883 620 938; x_wconf 90' lang='lat' dir='ltr'>et</span> <span class='ocrx_word' id='word_1_43' title='bbox 643 875 679 940; x_wconf 89' lang='lat' dir='ltr'>S.</span> <span class='ocrx_word' id='word_1_44' title='bbox 696 876 871 940; x_wconf 88' lang='lat' dir='ltr'>Benedicti</span> <span class='ocrx_word' id='word_1_45' title='bbox 887 877 920 938; x_wconf 94' lang='lat' dir='ltr'>in</span> <span class='ocrx_word' id='word_1_46' title='bbox 938 876 1144 940; x_wconf 71' lang='lat' dir='ltr'>Occidentis,</span> <span class='ocrx_word' id='word_1_47' title='bbox 1159 877 1234 961; x_wconf 88' lang='lat' dir='ltr'>Jam</span> 
     </span>
     <span class='ocr_line' id='line_1_8' title="bbox 146 959 1234 1040; baseline 0 -20"><span class='ocrx_word' id='word_1_48' title='bbox 146 966 261 1020; x_wconf 90' lang='lat' dir='ltr'>tamen</span> <span class='ocrx_word' id='word_1_49' title='bbox 288 959 342 1020; x_wconf 88' lang='lat' dir='ltr'>hic</span> <span class='ocrx_word' id='word_1_50' title='bbox 365 976 532 1020; x_wconf 83' lang='lat' dir='ltr'>memores</span> <span class='ocrx_word' id='word_1_51' title='bbox 558 959 662 1020; x_wconf 86' lang='lat' dir='ltr'>simus</span> <span class='ocrx_word' id='word_1_52' title='bbox 690 959 784 1022; x_wconf 89' lang='lat' dir='ltr'>initio</span> <span class='ocrx_word' id='word_1_53' title='bbox 812 979 921 1021; x_wconf 91' lang='lat' dir='ltr'>novae</span> <span class='ocrx_word' id='word_1_54' title='bbox 949 959 1144 1040; x_wconf 87' lang='lat' dir='ltr'>disciplinae</span> <span class='ocrx_word' id='word_1_55' title='bbox 1168 978 1234 1021; x_wconf 93' lang='lat' dir='ltr'>non</span> 
     </span>
     <span class='ocr_line' id='line_1_9' title="bbox 147 1039 1235 1124; baseline 0.001 -21"><span class='ocrx_word' id='word_1_56' title='bbox 147 1040 332 1122; x_wconf 85' lang='lat' dir='ltr'>significari</span> <span class='ocrx_word' id='word_1_57' title='bbox 345 1039 465 1122; x_wconf 89' lang='lat' dir='ltr'>prioris</span> <span class='ocrx_word' id='word_1_58' title='bbox 487 1041 600 1104; x_wconf 90' lang='lat' dir='ltr'>finem.</span> <span class='ocrx_word' id='word_1_59' title='bbox 617 1041 731 1124; x_wconf 84' lang='lat' dir='ltr'>Quare</span> <span class='ocrx_word' id='word_1_60' title='bbox 755 1043 910 1104; x_wconf 89' lang='lat' dir='ltr'>hocloco</span> <span class='ocrx_word' id='word_1_61' title='bbox 936 1041 1033 1124; x_wconf 89' lang='lat' dir='ltr'>plura</span> <span class='ocrx_word' id='word_1_62' title='bbox 1059 1041 1235 1104; x_wconf 87' lang='lat' dir='ltr'>referenda</span> 
     </span>
     <span class='ocr_line' id='line_1_10' title="bbox 147 1123 1236 1204; baseline 0 -18"><span class='ocrx_word' id='word_1_63' title='bbox 147 1130 228 1186; x_wconf 89' lang='lat' dir='ltr'>sunt</span> <span class='ocrx_word' id='word_1_64' title='bbox 251 1123 291 1184; x_wconf 91' lang='lat' dir='ltr'>de</span> <span class='ocrx_word' id='word_1_65' title='bbox 307 1123 481 1204; x_wconf 87' lang='lat' dir='ltr'>disciplina</span> <span class='ocrx_word' id='word_1_66' title='bbox 497 1123 665 1199; x_wconf 79' lang='lat' dir='ltr'>orientali,</span> <span class='ocrx_word' id='word_1_67' title='bbox 680 1143 766 1204; x_wconf 90' lang='lat' dir='ltr'>quae</span> <span class='ocrx_word' id='word_1_68' title='bbox 782 1124 859 1186; x_wconf 91' lang='lat' dir='ltr'>licet</span> <span class='ocrx_word' id='word_1_69' title='bbox 876 1125 1068 1187; x_wconf 83' lang='lat' dir='ltr'>recentiora</span> <span class='ocrx_word' id='word_1_70' title='bbox 1085 1123 1121 1187; x_wconf 86' lang='lat' dir='ltr'>S.</span> <span class='ocrx_word' id='word_1_71' title='bbox 1139 1124 1236 1188; x_wconf 80' lang='lat' dir='ltr'>Basi-</span> 
     </span>
     <span class='ocr_line' id='line_1_11' title="bbox 147 1204 1122 1288; baseline 0.001 -20"><span class='ocrx_word' id='word_1_72' title='bbox 147 1205 205 1277; x_wconf 82' lang='lat' dir='ltr'>lio,</span> <span class='ocrx_word' id='word_1_73' title='bbox 222 1204 359 1268; x_wconf 88' lang='lat' dir='ltr'>minime</span> <span class='ocrx_word' id='word_1_74' title='bbox 376 1216 489 1268; x_wconf 86' lang='lat' dir='ltr'>tamen</span> <span class='ocrx_word' id='word_1_75' title='bbox 504 1205 547 1268; x_wconf 89' lang='lat' dir='ltr'>ab</span> <span class='ocrx_word' id='word_1_76' title='bbox 564 1204 668 1288; x_wconf 82' lang='lat' dir='ltr'>ipsius</span> <span class='ocrx_word' id='word_1_77' title='bbox 681 1207 850 1279; x_wconf 89' lang='lat' dir='ltr'>Institutis</span> <span class='ocrx_word' id='word_1_78' title='bbox 862 1215 941 1268; x_wconf 91' lang='lat' dir='ltr'>sunt</span> <span class='ocrx_word' id='word_1_79' title='bbox 958 1205 1122 1288; x_wconf 78' lang='lat' dir='ltr'>prolecta.</span> 
     </span>
     <span class='ocr_line' id='line_1_12' title="bbox 189 1286 1234 1376; baseline 0.002 -26"><span class='ocrx_word' id='word_1_80' title='bbox 189 1287 312 1350; x_wconf 88' lang='lat' dir='ltr'>Fusius</span> <span class='ocrx_word' id='word_1_81' title='bbox 325 1296 438 1350; x_wconf 88' lang='lat' dir='ltr'>autem</span> <span class='ocrx_word' id='word_1_82' title='bbox 450 1290 490 1362; x_wconf 84' lang='lat' dir='ltr'>de</span> <span class='ocrx_word' id='word_1_83' title='bbox 503 1286 692 1372; x_wconf 88' lang='lat' dir='ltr'>primordiis</span> <span class='ocrx_word' id='word_1_84' title='bbox 704 1289 893 1366; x_wconf 84' lang='lat' dir='ltr'>dicimusin</span> <span class='ocrx_word' id='word_1_85' title='bbox 909 1287 1120 1376; x_wconf 71' lang='lat' dir='ltr'>Supplemento</span> <span class='ocrx_word' id='word_1_86' title='bbox 1139 1311 1152 1352; x_wconf 91' lang='lat'>1</span> <span class='ocrx_word' id='word_1_87' title='bbox 1170 1288 1187 1370; x_wconf 59' lang='grc' dir='ltr'><strong>ξ</strong></span> <span class='ocrx_word' id='word_1_88' title='bbox 1203 1311 1234 1352; x_wconf 88' lang='lat'>2.</span> 
     </span>
     <span class='ocr_line' id='line_1_13' title="bbox 189 1370 1234 1453; baseline -0.001 -18"><span class='ocrx_word' id='word_1_89' title='bbox 189 1372 253 1435; x_wconf 83' lang='lat'>42.</span> <span class='ocrx_word' id='word_1_90' title='bbox 273 1390 301 1433; x_wconf 92' lang='lat'>1.</span> <span class='ocrx_word' id='word_1_91' title='bbox 318 1371 382 1453; x_wconf 87' lang='lat' dir='ltr'>Qui</span> <span class='ocrx_word' id='word_1_92' title='bbox 405 1373 508 1434; x_wconf 91' lang='lat' dir='ltr'>semel</span> <span class='ocrx_word' id='word_1_93' title='bbox 530 1370 749 1452; x_wconf 86' lang='lat' dir='ltr'>perfectiores</span> <span class='ocrx_word' id='word_1_94' title='bbox 771 1371 834 1434; x_wconf 87' lang='lat' dir='ltr'>has</span> <span class='ocrx_word' id='word_1_95' title='bbox 855 1373 929 1435; x_wconf 89' lang='lat' dir='ltr'>vias</span> <span class='ocrx_word' id='word_1_96' title='bbox 957 1377 1055 1434; x_wconf 90' lang='lat' dir='ltr'>erant</span> <span class='ocrx_word' id='word_1_97' title='bbox 1078 1370 1234 1451; x_wconf 86' lang='lat' dir='ltr'>ingressi,</span> 
     </span>
     <span class='ocr_line' id='line_1_14' title="bbox 146 1453 1234 1535; baseline 0.003 -21"><span class='ocrx_word' id='word_1_98' title='bbox 146 1453 430 1516; x_wconf 87' lang='lat' dir='ltr'>existimabantur</span> <span class='ocrx_word' id='word_1_99' title='bbox 444 1473 481 1514; x_wconf 89' lang='lat' dir='ltr'>se</span> <span class='ocrx_word' id='word_1_100' title='bbox 497 1454 605 1515; x_wconf 91' lang='lat' dir='ltr'>reditu</span> <span class='ocrx_word' id='word_1_101' title='bbox 623 1453 666 1516; x_wconf 91' lang='lat' dir='ltr'>ad</span> <span class='ocrx_word' id='word_1_102' title='bbox 682 1455 785 1518; x_wconf 88' lang='lat' dir='ltr'>vitam</span> <span class='ocrx_word' id='word_1_103' title='bbox 801 1457 988 1528; x_wconf 87' lang='lat' dir='ltr'>secularem</span> <span class='ocrx_word' id='word_1_104' title='bbox 1012 1453 1234 1535; x_wconf 84' lang='lat' dir='ltr'>prohibuisse,</span> 
     </span>
    </p>
   </div>
   <div class='ocr_carea' id='block_1_4' title="bbox 52 1535 1287 1618">
    <p class='ocr_par' dir='ltr' id='par_1_4' title="bbox 52 1535 1287 1618">
     <span class='ocr_line' id='line_1_15' title="bbox 52 1535 1287 1618; baseline -0.001 -19"><span class='ocrx_word' id='word_1_105' title='bbox 52 1538 55 1542; x_wconf 77' lang='grc'><em>’</em></span> <span class='ocrx_word' id='word_1_106' title='bbox 147 1535 194 1600; x_wconf 91' lang='lat' dir='ltr'>ita</span> <span class='ocrx_word' id='word_1_107' title='bbox 237 1545 275 1597; x_wconf 91' lang='lat' dir='ltr'>ut</span> <span class='ocrx_word' id='word_1_108' title='bbox 312 1535 499 1618; x_wconf 78' lang='lat' dir='ltr'>cujuspiam</span> <span class='ocrx_word' id='word_1_109' title='bbox 532 1535 729 1600; x_wconf 87' lang='lat' dir='ltr'>defectionis</span> <span class='ocrx_word' id='word_1_110' title='bbox 759 1544 960 1618; x_wconf 85' lang='lat' dir='ltr'>argueretur</span> <span class='ocrx_word' id='word_1_111' title='bbox 998 1537 1235 1598; x_wconf 88' lang='lat' dir='ltr'>nonnullorum</span> <span class='ocrx_word' id='word_1_112' title='bbox 1286 1607 1287 1610; x_wconf 8' lang='grc' dir='ltr'><strong>Ἴ</strong></span> 
     </span>
    </p>
   </div>
   <div class='ocr_carea' id='block_1_5' title="bbox 148 1619 1236 2197">
    <p class='ocr_par' dir='ltr' id='par_1_5' title="bbox 148 1619 1236 1781">
     <span class='ocr_line' id='line_1_16' title="bbox 148 1619 1236 1702; baseline 0.001 -21"><span class='ocrx_word' id='word_1_113' title='bbox 148 1619 379 1682; x_wconf 82' lang='lat' dir='ltr'>inconstantia</span> <span class='ocrx_word' id='word_1_114' title='bbox 395 1625 417 1680; x_wconf 81' lang='lat'>¹.</span> <span class='ocrx_word' id='word_1_115' title='bbox 436 1619 510 1702; x_wconf 84' lang='lat' dir='ltr'>Qua</span> <span class='ocrx_word' id='word_1_116' title='bbox 526 1625 640 1682; x_wconf 87' lang='lat' dir='ltr'>tamen</span> <span class='ocrx_word' id='word_1_117' title='bbox 656 1621 868 1686; x_wconf 83' lang='lat' dir='ltr'>necessitatis</span> <span class='ocrx_word' id='word_1_118' title='bbox 885 1622 929 1698; x_wconf 85' lang='lat' dir='ltr'>vi,</span> <span class='ocrx_word' id='word_1_119' title='bbox 947 1638 1013 1700; x_wconf 92' lang='lat' dir='ltr'>quo</span> <span class='ocrx_word' id='word_1_120' title='bbox 1028 1619 1127 1681; x_wconf 92' lang='lat' dir='ltr'>titulo</span> <span class='ocrx_word' id='word_1_121' title='bbox 1144 1626 1236 1682; x_wconf 87' lang='lat' dir='ltr'>tene·</span> 
     </span>
     <span class='ocr_line' id='line_1_17' title="bbox 152 1700 739 1781; baseline 0 -19"><span class='ocrx_word' id='word_1_122' title='bbox 152 1707 282 1777; x_wconf 89' lang='lat' dir='ltr'>rentur,</span> <span class='ocrx_word' id='word_1_123' title='bbox 300 1700 364 1776; x_wconf 90' lang='lat' dir='ltr'>dici</span> <span class='ocrx_word' id='word_1_124' title='bbox 379 1701 491 1764; x_wconf 92' lang='lat' dir='ltr'>adhuc</span> <span class='ocrx_word' id='word_1_125' title='bbox 507 1701 636 1781; x_wconf 88' lang='lat' dir='ltr'>nequit.</span> <span class='ocrx_word' id='word_1_126' title='bbox 737 1717 739 1724; x_wconf 83' lang='grc'><strong>’</strong></span> 
     </span>
    </p>

    <p class='ocr_par' dir='ltr' id='par_1_6' title="bbox 151 1783 1236 1947">
     <span class='ocr_line' id='line_1_18' title="bbox 190 1783 1236 1868; baseline 0.003 -23"><span class='ocrx_word' id='word_1_127' title='bbox 190 1783 363 1862; x_wconf 85' lang='lat' dir='ltr'>Integrum</span> <span class='ocrx_word' id='word_1_128' title='bbox 386 1789 499 1854; x_wconf 86' lang='lat' dir='ltr'>autem</span> <span class='ocrx_word' id='word_1_129' title='bbox 524 1783 603 1868; x_wconf 87' lang='lat' dir='ltr'>ipsis</span> <span class='ocrx_word' id='word_1_130' title='bbox 618 1792 693 1846; x_wconf 90' lang='lat' dir='ltr'>erat</span> <span class='ocrx_word' id='word_1_131' title='bbox 710 1790 841 1847; x_wconf 90' lang='lat' dir='ltr'>mutare</span> <span class='ocrx_word' id='word_1_132' title='bbox 857 1785 968 1848; x_wconf 91' lang='lat' dir='ltr'>sedem</span> <span class='ocrx_word' id='word_1_133' title='bbox 983 1805 990 1862; x_wconf 85' lang='lat'><em>3</em></span> <span class='ocrx_word' id='word_1_134' title='bbox 1015 1795 1117 1864; x_wconf 87' lang='lat' dir='ltr'>atque</span> <span class='ocrx_word' id='word_1_135' title='bbox 1134 1785 1236 1848; x_wconf 85' lang='lat' dir='ltr'>etian</span> 
     </span>
     <span class='ocr_line' id='line_1_19' title="bbox 151 1864 1125 1947; baseline 0.003 -19"><span class='ocrx_word' id='word_1_136' title='bbox 151 1865 338 1928; x_wconf 88' lang='lat' dir='ltr'>coenobitis</span> <span class='ocrx_word' id='word_1_137' title='bbox 354 1867 476 1930; x_wconf 85' lang='lat' dir='ltr'>licebat</span> <span class='ocrx_word' id='word_1_138' title='bbox 492 1864 525 1928; x_wconf 93' lang='lat' dir='ltr'>in</span> <span class='ocrx_word' id='word_1_139' title='bbox 537 1868 681 1930; x_wconf 81' lang='lat' dir='ltr'>alterurn</span> <span class='ocrx_word' id='word_1_140' title='bbox 696 1867 842 1947; x_wconf 84' lang='lat' dir='ltr'>migrare</span> <span class='ocrx_word' id='word_1_141' title='bbox 856 1866 1125 1931; x_wconf 74' lang='lat' dir='ltr'>monasterium..</span> 
     </span>
    </p>

    <p class='ocr_par' dir='ltr' id='par_1_7' title="bbox 148 1947 1236 2197">
     <span class='ocr_line' id='line_1_20' title="bbox 191 1947 1236 2032; baseline 0.003 -24"><span class='ocrx_word' id='word_1_142' title='bbox 191 1967 221 2008; x_wconf 84' lang='lat'>2.</span> <span class='ocrx_word' id='word_1_143' title='bbox 239 1949 290 2011; x_wconf 90' lang='lat' dir='ltr'>Re</span> <span class='ocrx_word' id='word_1_144' title='bbox 306 1947 418 2032; x_wconf 90' lang='lat' dir='ltr'>potius</span> <span class='ocrx_word' id='word_1_145' title='bbox 443 1967 544 2028; x_wconf 88' lang='lat' dir='ltr'>quam</span> <span class='ocrx_word' id='word_1_146' title='bbox 572 1961 652 2013; x_wconf 86' lang='lat' dir='ltr'>voto</span> <span class='ocrx_word' id='word_1_147' title='bbox 678 1949 836 2014; x_wconf 86' lang='lat' dir='ltr'>videntur</span> <span class='ocrx_word' id='word_1_148' title='bbox 858 1949 961 2014; x_wconf 87' lang='lat' dir='ltr'>fuisse</span> <span class='ocrx_word' id='word_1_149' title='bbox 977 1954 1138 2030; x_wconf 76' lang='lat' dir='ltr'>pauperes,</span> <span class='ocrx_word' id='word_1_150' title='bbox 1163 1947 1236 2011; x_wconf 89' lang='lat' dir='ltr'>sine</span> 
     </span>
     <span class='ocr_line' id='line_1_21' title="bbox 149 2029 1236 2116; baseline -0.003 -22"><span class='ocrx_word' id='word_1_151' title='bbox 149 2029 286 2094; x_wconf 89' lang='lat' dir='ltr'>dominii</span> <span class='ocrx_word' id='word_1_152' title='bbox 316 2030 540 2096; x_wconf 87' lang='lat' dir='ltr'>inhabilitate.</span> <span class='ocrx_word' id='word_1_153' title='bbox 571 2031 761 2094; x_wconf 80' lang='lat' dir='ltr'>Perfectam</span> <span class='ocrx_word' id='word_1_154' title='bbox 789 2032 1035 2116; x_wconf 90' lang='lat' dir='ltr'>profitebantur</span> <span class='ocrx_word' id='word_1_155' title='bbox 1064 2031 1236 2094; x_wconf 76' lang='lat' dir='ltr'>castitatem</span> 
     </span>
     <span class='ocr_line' id='line_1_22' title="bbox 148 2113 1236 2197; baseline -0.002 -21"><span class='ocrx_word' id='word_1_156' title='bbox 148 2132 188 2183; x_wconf 87' lang='lat' dir='ltr'>ac</span> <span class='ocrx_word' id='word_1_157' title='bbox 204 2113 356 2197; x_wconf 89' lang='lat' dir='ltr'>corporis</span> <span class='ocrx_word' id='word_1_158' title='bbox 372 2113 677 2190; x_wconf 87' lang='lat' dir='ltr'>mortificationem,</span> <span class='ocrx_word' id='word_1_159' title='bbox 695 2113 865 2196; x_wconf 89' lang='lat' dir='ltr'>variisque</span> <span class='ocrx_word' id='word_1_160' title='bbox 887 2114 1112 2190; x_wconf 89' lang='lat' dir='ltr'>cautionibus,</span> <span class='ocrx_word' id='word_1_161' title='bbox 1130 2113 1236 2175; x_wconf 90' lang='lat' dir='ltr'>nomi·</span> 
     </span>
    </p>
   </div>
   <div class='ocr_carea' id='block_1_6' title="bbox 1288 815 1452 1036">
    <p class='ocr_par' dir='ltr' id='par_1_8' title="bbox 1288 815 1452 1036">
     <span class='ocr_line' id='line_1_23' title="bbox 1289 815 1449 884; baseline 0 -22"><span class='ocrx_word' id='word_1_162' title='bbox 1289 815 1361 882; x_wconf 78' lang='lat' dir='ltr'>Nara</span> <span class='ocrx_word' id='word_1_163' title='bbox 1375 819 1449 884; x_wconf 75' lang='lat' dir='ltr'>aetas,</span> 
     </span>
     <span class='ocr_line' id='line_1_24' title="bbox 1289 878 1452 998; baseline 0.006 -22"><span class='ocrx_word' id='word_1_164' title='bbox 1289 878 1452 998; x_wconf 63' lang='lat' dir='ltr'>allata...</span> 
     </span>
     <span class='ocr_line' id='line_1_25' title="bbox 1288 988 1449 1036; baseline 0.006 -1"><span class='ocrx_word' id='word_1_165' title='bbox 1288 988 1309 1035; x_wconf 87' lang='lat' dir='ltr'><em>S</em></span> <span class='ocrx_word' id='word_1_166' title='bbox 1312 988 1449 1036; x_wconf 77' lang='lat' dir='ltr'>Benedrcla.</span> 
     </span>
    </p>
   </div>
   <div class='ocr_carea' id='block_1_7' title="bbox 1288 1400 1451 1567">
    <p class='ocr_par' dir='ltr' id='par_1_9' title="bbox 1288 1400 1451 1567">
     <span class='ocr_line' id='line_1_26' title="bbox 1305 1400 1450 1449; baseline 0.021 -3"><span class='ocrx_word' id='word_1_167' title='bbox 1305 1400 1381 1448; x_wconf 82' lang='lat' dir='ltr'>Notae</span> <span class='ocrx_word' id='word_1_168' title='bbox 1394 1402 1450 1449; x_wconf 81' lang='lat' dir='ltr'>&#39;uri-</span> 
     </span>
     <span class='ocr_line' id='line_1_27' title="bbox 1288 1456 1451 1506; baseline 0.012 -2"><span class='ocrx_word' id='word_1_169' title='bbox 1288 1456 1363 1506; x_wconf 82' lang='lat' dir='ltr'>dicae:</span> <span class='ocrx_word' id='word_1_170' title='bbox 1390 1475 1451 1506; x_wconf 77' lang='lat' dir='ltr'>erse·</span> 
     </span>
     <span class='ocr_line' id='line_1_28' title="bbox 1289 1519 1406 1567; baseline 0.009 -1"><span class='ocrx_word' id='word_1_171' title='bbox 1289 1519 1406 1567; x_wconf 74' lang='lat' dir='ltr'>verentia.</span> 
     </span>
    </p>
   </div>
   <div class='ocr_carea' id='block_1_8' title="bbox 1290 1959 1431 2077">
    <p class='ocr_par' dir='ltr' id='par_1_10' title="bbox 1290 1959 1431 2077">
     <span class='ocr_line' id='line_1_29' title="bbox 1321 1959 1431 2007; baseline -0.009 0"><span class='ocrx_word' id='word_1_172' title='bbox 1321 1959 1431 2007; x_wconf 80' lang='lat' dir='ltr'>Consilia</span> 
     </span>
     <span class='ocr_line' id='line_1_30' title="bbox 1290 2017 1430 2077; baseline -0.014 -11"><span class='ocrx_word' id='word_1_173' title='bbox 1290 2017 1430 2077; x_wconf 73' lang='lat' dir='ltr'>evangelica,</span> 
     </span>
    </p>
   </div>
   <div class='ocr_carea' id='block_1_9' title="bbox 148 2195 1327 2278">
    <p class='ocr_par' dir='ltr' id='par_1_11' title="bbox 148 2195 1327 2278">
     <span class='ocr_line' id='line_1_31' title="bbox 148 2195 1327 2278; baseline -0.003 -20"><span class='ocrx_word' id='word_1_174' title='bbox 148 2195 253 2259; x_wconf 92' lang='lat' dir='ltr'>natim</span> <span class='ocrx_word' id='word_1_175' title='bbox 276 2196 357 2277; x_wconf 82' lang='lat' dir='ltr'>fuga</span> <span class='ocrx_word' id='word_1_176' title='bbox 372 2197 512 2260; x_wconf 86' lang='lat' dir='ltr'>alterius</span> <span class='ocrx_word' id='word_1_177' title='bbox 526 2216 627 2259; x_wconf 86' lang='lat' dir='ltr'>sexus</span> <span class='ocrx_word' id='word_1_178' title='bbox 642 2197 666 2274; x_wconf 88' lang='lat'>²,</span> <span class='ocrx_word' id='word_1_179' title='bbox 684 2196 773 2278; x_wconf 90' lang='lat' dir='ltr'>ipsos</span> <span class='ocrx_word' id='word_1_180' title='bbox 796 2198 1054 2259; x_wconf 89' lang='lat' dir='ltr'>aemulabantur</span> <span class='ocrx_word' id='word_1_181' title='bbox 1076 2197 1235 2274; x_wconf 81' lang='lat' dir='ltr'>Angelos.</span> <span class='ocrx_word' id='word_1_182' title='bbox 1322 2203 1327 2208; x_wconf 83' lang='grc'><strong>“</strong></span> 
     </span>
    </p>
   </div>
   <div class='ocr_carea' id='block_1_10' title="bbox 114 2277 1238 3254">
    <p class='ocr_par' dir='ltr' id='par_1_12' title="bbox 114 2277 1238 3254">
     <span class='ocr_line' id='line_1_32' title="bbox 190 2277 1236 2360; baseline -0.002 -18"><span class='ocrx_word' id='word_1_183' title='bbox 190 2277 386 2344; x_wconf 70' lang='lat' dir='ltr'>obedientiae</span> <span class='ocrx_word' id='word_1_184' title='bbox 403 2299 505 2359; x_wconf 81' lang='lat' dir='ltr'>quam</span> <span class='ocrx_word' id='word_1_185' title='bbox 529 2279 672 2342; x_wconf 88' lang='lat' dir='ltr'>diximus</span> <span class='ocrx_word' id='word_1_186' title='bbox 689 2279 900 2342; x_wconf 80' lang='lat' dir='ltr'>essentialem</span> <span class='ocrx_word' id='word_1_187' title='bbox 925 2299 991 2350; x_wconf 90' lang='lat' dir='ltr'>non</span> <span class='ocrx_word' id='word_1_188' title='bbox 1009 2297 1117 2360; x_wconf 86' lang='lat' dir='ltr'>pauca</span> <span class='ocrx_word' id='word_1_189' title='bbox 1133 2278 1236 2347; x_wconf 90' lang='lat' dir='ltr'>habe·</span> 
     </span>
     <span class='ocr_line' id='line_1_33' title="bbox 152 2359 1236 2442; baseline -0.002 -18"><span class='ocrx_word' id='word_1_190' title='bbox 152 2381 226 2424; x_wconf 90' lang='lat' dir='ltr'>mus</span> <span class='ocrx_word' id='word_1_191' title='bbox 257 2363 472 2425; x_wconf 85' lang='lat' dir='ltr'>documenta.</span> <span class='ocrx_word' id='word_1_192' title='bbox 510 2363 613 2426; x_wconf 88' lang='lat' dir='ltr'>Plura</span> <span class='ocrx_word' id='word_1_193' title='bbox 641 2362 731 2424; x_wconf 90' lang='lat' dir='ltr'>enim</span> <span class='ocrx_word' id='word_1_194' title='bbox 761 2361 851 2424; x_wconf 85' lang='lat' dir='ltr'>facta</span> <span class='ocrx_word' id='word_1_195' title='bbox 881 2361 1116 2424; x_wconf 73' lang='lat' dir='ltr'>demonstrant</span> <span class='ocrx_word' id='word_1_196' title='bbox 1146 2359 1236 2442; x_wconf 90' lang='lat' dir='ltr'>ipsos</span> 
     </span>
     <span class='ocr_line' id='line_1_34' title="bbox 152 2443 1237 2586; baseline -0.001 -81"><span class='ocrx_word' id='word_1_197' title='bbox 152 2443 255 2506; x_wconf 88' lang='lat' dir='ltr'>fuisse</span> <span class='ocrx_word' id='word_1_198' title='bbox 268 2444 446 2526; x_wconf 87' lang='lat' dir='ltr'>Episcopis</span> <span class='ocrx_word' id='word_1_199' title='bbox 462 2444 626 2507; x_wconf 89' lang='lat' dir='ltr'>obnoxios</span> <span class='ocrx_word' id='word_1_200' title='bbox 642 2444 653 2480; x_wconf 82' lang='lat'><strong>³</strong></span> <span class='ocrx_word' id='word_1_201' title='bbox 669 2465 676 2522; x_wconf 91' lang='lat'>;</span> <span class='ocrx_word' id='word_1_202' title='bbox 700 2444 857 2508; x_wconf 90' lang='lat' dir='ltr'>Monachi</span> <span class='ocrx_word' id='word_1_203' title='bbox 873 2443 1040 2527; x_wconf 82' lang='lat' dir='ltr'>AEgyptii</span> <span class='ocrx_word' id='word_1_204' title='bbox 1058 2443 1237 2586; x_wconf 68' lang='lat' dir='ltr'>specialem</span> 
     </span>
     <span class='ocr_line' id='line_1_35' title="bbox 151 2525 1234 2609; baseline -0.004 -20"><span class='ocrx_word' id='word_1_205' title='bbox 151 2526 397 2609; x_wconf 87' lang='lat' dir='ltr'>profitebantur</span> <span class='ocrx_word' id='word_1_206' title='bbox 409 2526 647 2606; x_wconf 85' lang='lat' dir='ltr'>obedientiam,</span> <span class='ocrx_word' id='word_1_207' title='bbox 661 2538 833 2606; x_wconf 91' lang='lat' dir='ltr'>tamquam</span> <span class='ocrx_word' id='word_1_208' title='bbox 846 2525 1010 2590; x_wconf 79' lang='lat' dir='ltr'>Pharaoni</span> <span class='ocrx_word' id='word_1_209' title='bbox 1024 2546 1071 2587; x_wconf 84' lang='lat' dir='ltr'>ecc</span> <span class='ocrx_word' id='word_1_210' title='bbox 1084 2525 1234 2594; x_wconf 79' lang='lat' dir='ltr'>asiasta&#39;co,</span> 
     </span>
     <span class='ocr_line' id='line_1_36' title="bbox 151 2609 1237 2694; baseline -0.002 -22"><span class='ocrx_word' id='word_1_211' title='bbox 151 2609 415 2693; x_wconf 88' lang='lat' dir='ltr'>Archiepiscopo</span> <span class='ocrx_word' id='word_1_212' title='bbox 431 2610 660 2674; x_wconf 86' lang='lat' dir='ltr'>Alexandrino</span> <span class='ocrx_word' id='word_1_213' title='bbox 682 2611 707 2673; x_wconf 74' lang='lat'>⁴.</span> <span class='ocrx_word' id='word_1_214' title='bbox 731 2611 840 2694; x_wconf 84' lang='lat' dir='ltr'>Quam</span> <span class='ocrx_word' id='word_1_215' title='bbox 857 2610 1103 2693; x_wconf 86' lang='lat' dir='ltr'>Episcoporum</span> <span class='ocrx_word' id='word_1_216' title='bbox 1119 2616 1237 2671; x_wconf 89' lang='lat' dir='ltr'>aucto·</span> 
     </span>
     <span class='ocr_line' id='line_1_37' title="bbox 150 2691 1237 2774; baseline -0.006 -16"><span class='ocrx_word' id='word_1_217' title='bbox 150 2691 287 2762; x_wconf 85' lang='lat' dir='ltr'>ritatem</span> <span class='ocrx_word' id='word_1_218' title='bbox 314 2695 483 2756; x_wconf 85' lang='lat' dir='ltr'>luculente</span> <span class='ocrx_word' id='word_1_219' title='bbox 511 2691 727 2756; x_wconf 87' lang='lat' dir='ltr'>confirmavit</span> <span class='ocrx_word' id='word_1_220' title='bbox 753 2712 829 2756; x_wconf 85' lang='lat' dir='ltr'>can.</span> <span class='ocrx_word' id='word_1_221' title='bbox 856 2717 876 2774; x_wconf 91' lang='lat'>4</span> <span class='ocrx_word' id='word_1_222' title='bbox 902 2693 1023 2755; x_wconf 88' lang='lat' dir='ltr'>concil.</span> <span class='ocrx_word' id='word_1_223' title='bbox 1051 2691 1237 2754; x_wconf 84' lang='lat' dir='ltr'>Chalcedo-</span> 
     </span>
     <span class='ocr_line' id='line_1_38' title="bbox 151 2773 1238 2858; baseline 0.001 -22"><span class='ocrx_word' id='word_1_224' title='bbox 151 2777 265 2852; x_wconf 80' lang='lat' dir='ltr'>nensis</span> <span class='ocrx_word' id='word_1_225' title='bbox 302 2778 389 2858; x_wconf 78' lang='lat'>(451)</span> <span class='ocrx_word' id='word_1_226' title='bbox 425 2783 546 2840; x_wconf 90' lang='lat' dir='ltr'>vetans</span> <span class='ocrx_word' id='word_1_227' title='bbox 584 2795 625 2847; x_wconf 88' lang='lat' dir='ltr'>ne</span> <span class='ocrx_word' id='word_1_228' title='bbox 662 2776 904 2839; x_wconf 90' lang='lat' dir='ltr'>monasterium</span> <span class='ocrx_word' id='word_1_229' title='bbox 944 2775 1133 2856; x_wconf 86' lang='lat' dir='ltr'>erigeretur</span> <span class='ocrx_word' id='word_1_230' title='bbox 1166 2773 1238 2837; x_wconf 90' lang='lat' dir='ltr'>sine</span> 
     </span>
     <span class='ocr_line' id='line_1_39' title="bbox 148 2857 1236 2940; baseline -0.002 -20"><span class='ocrx_word' id='word_1_231' title='bbox 148 2857 308 2940; x_wconf 89' lang='lat' dir='ltr'>Episcopi</span> <span class='ocrx_word' id='word_1_232' title='bbox 334 2876 514 2922; x_wconf 88' lang='lat' dir='ltr'>consensu.</span> <span class='ocrx_word' id='word_1_233' title='bbox 533 2857 638 2922; x_wconf 86' lang='lat' dir='ltr'>Cone.</span> <span class='ocrx_word' id='word_1_234' title='bbox 662 2859 860 2920; x_wconf 88' lang='lat' dir='ltr'>Arelatense</span> <span class='ocrx_word' id='word_1_235' title='bbox 876 2875 914 2920; x_wconf 97' lang='grc' dir='ltr'>ιιι</span> <span class='ocrx_word' id='word_1_236' title='bbox 930 2861 975 2936; x_wconf 81' lang='lat' dir='ltr'>(c.</span> <span class='ocrx_word' id='word_1_237' title='bbox 991 2859 1064 2937; x_wconf 85' lang='lat'>455)</span> <span class='ocrx_word' id='word_1_238' title='bbox 1081 2865 1126 2934; x_wconf 91' lang='lat' dir='ltr'>et,</span> <span class='ocrx_word' id='word_1_239' title='bbox 1143 2873 1236 2935; x_wconf 71' lang='lat' dir='ltr'>sur,</span> 
     </span>
     <span class='ocr_line' id='line_1_40' title="bbox 151 2941 1238 3022; baseline -0.001 -22"><span class='ocrx_word' id='word_1_240' title='bbox 151 2959 248 3002; x_wconf 87' lang='lat' dir='ltr'>conc.</span> <span class='ocrx_word' id='word_1_241' title='bbox 266 2941 551 3022; x_wconf 81' lang='lat' dir='ltr'>Carthaginensia</span> <span class='ocrx_word' id='word_1_242' title='bbox 567 2944 640 3020; x_wconf 84' lang='lat'>(525</span> <span class='ocrx_word' id='word_1_243' title='bbox 656 2951 690 3003; x_wconf 92' lang='lat' dir='ltr'>et</span> <span class='ocrx_word' id='word_1_244' title='bbox 706 2944 779 3022; x_wconf 80' lang='lat'>534)</span> <span class='ocrx_word' id='word_1_245' title='bbox 796 2941 977 3003; x_wconf 87' lang='lat' dir='ltr'>voluerunt</span> <span class='ocrx_word' id='word_1_246' title='bbox 992 2947 1106 3002; x_wconf 90' lang='lat' dir='ltr'>tamen</span> <span class='ocrx_word' id='word_1_247' title='bbox 1121 2958 1238 3000; x_wconf 89' lang='lat' dir='ltr'>mona·</span> 
     </span>
     <span class='ocr_line' id='line_1_41' title="bbox 152 3021 1238 3106; baseline -0.003 -21"><span class='ocrx_word' id='word_1_248' title='bbox 152 3021 236 3086; x_wconf 86' lang='lat' dir='ltr'>chos</span> <span class='ocrx_word' id='word_1_249' title='bbox 250 3021 353 3104; x_wconf 87' lang='lat' dir='ltr'>libere</span> <span class='ocrx_word' id='word_1_250' title='bbox 369 3022 402 3086; x_wconf 90' lang='lat' dir='ltr'>in</span> <span class='ocrx_word' id='word_1_251' title='bbox 426 3032 594 3106; x_wconf 89' lang='lat' dir='ltr'>potestate</span> <span class='ocrx_word' id='word_1_252' title='bbox 617 3025 747 3086; x_wconf 89' lang='lat' dir='ltr'>versari</span> <span class='ocrx_word' id='word_1_253' title='bbox 773 3043 910 3087; x_wconf 90' lang='lat' dir='ltr'>suorum</span> <span class='ocrx_word' id='word_1_254' title='bbox 936 3023 1109 3101; x_wconf 91' lang='lat' dir='ltr'>abbatum,</span> <span class='ocrx_word' id='word_1_255' title='bbox 1129 3041 1238 3083; x_wconf 91' lang='lat' dir='ltr'>reser-</span> 
     </span>
     <span class='ocr_line' id='line_1_42' title="bbox 114 3103 1238 3187; baseline 0 -22"><span class='ocrx_word' id='word_1_256' title='bbox 114 3107 117 3110; x_wconf 82' lang='grc'><strong>’</strong></span> <span class='ocrx_word' id='word_1_257' title='bbox 151 3111 234 3172; x_wconf 79' lang='lat' dir='ltr'>vata</span> <span class='ocrx_word' id='word_1_258' title='bbox 269 3103 443 3187; x_wconf 89' lang='lat' dir='ltr'>Episcopis</span> <span class='ocrx_word' id='word_1_259' title='bbox 479 3106 692 3169; x_wconf 88' lang='lat' dir='ltr'>ordinatione</span> <span class='ocrx_word' id='word_1_260' title='bbox 734 3107 933 3170; x_wconf 89' lang='lat' dir='ltr'>clericorum</span> <span class='ocrx_word' id='word_1_261' title='bbox 971 3105 1167 3168; x_wconf 91' lang='lat' dir='ltr'>monasterii</span> <span class='ocrx_word' id='word_1_262' title='bbox 1205 3115 1238 3166; x_wconf 90' lang='lat' dir='ltr'>et</span> 
     </span>
     <span class='ocr_line' id='line_1_43' title="bbox 152 3186 558 3254; baseline -0.005 0"><span class='ocrx_word' id='word_1_263' title='bbox 152 3186 364 3254; x_wconf 82' lang='lat' dir='ltr'>dedicatione</span> <span class='ocrx_word' id='word_1_264' title='bbox 380 3188 519 3252; x_wconf 88' lang='lat' dir='ltr'>oratorii</span> <span class='ocrx_word' id='word_1_265' title='bbox 534 3189 558 3252; x_wconf 83' lang='lat'>⁵.</span> 
     </span>
    </p>
   </div>
   <div class='ocr_carea' id='block_1_11' title="bbox 141 3383 1239 4030">
    <p class='ocr_par' dir='ltr' id='par_1_13' title="bbox 141 3383 1238 3918">
     <span class='ocr_line' id='line_1_44' title="bbox 179 3383 1238 3457; baseline -0.009 -13"><span class='ocrx_word' id='word_1_266' title='bbox 179 3395 288 3452; x_wconf 79' lang='lat' dir='ltr'>¹Besse,</span> <span class='ocrx_word' id='word_1_267' title='bbox 307 3396 353 3443; x_wconf 87' lang='lat' dir='ltr'>Les</span> <span class='ocrx_word' id='word_1_268' title='bbox 370 3397 458 3444; x_wconf 82' lang='lat' dir='ltr'>moines</span> <span class='ocrx_word' id='word_1_269' title='bbox 470 3395 588 3448; x_wconf 75' lang='lat' dir='ltr'>d‘Orient.</span> <span class='ocrx_word' id='word_1_270' title='bbox 601 3408 627 3453; x_wconf 89' lang='lat' dir='ltr'>p.</span> <span class='ocrx_word' id='word_1_271' title='bbox 641 3401 679 3452; x_wconf 82' lang='lat'>93,</span> <span class='ocrx_word' id='word_1_272' title='bbox 693 3398 878 3457; x_wconf 56' lang='lat' dir='ltr'>117,}4a„143.</span> <span class='ocrx_word' id='word_1_273' title='bbox 891 3390 994 3447; x_wconf 83' lang='lat' dir='ltr'>Contra</span> <span class='ocrx_word' id='word_1_274' title='bbox 1014 3405 1022 3432; x_wconf 81' lang='lat' dir='ltr'>t</span> <span class='ocrx_word' id='word_1_275' title='bbox 1036 3383 1192 3453; x_wconf 56' lang='lat' dir='ltr'>,monachos</span> <span class='ocrx_word' id='word_1_276' title='bbox 1211 3391 1238 3434; x_wconf 84' lang='lat' dir='ltr'>ot</span> 
     </span>
     <span class='ocr_line' id='line_1_45' title="bbox 150 3445 1238 3516; baseline -0.012 -11"><span class='ocrx_word' id='word_1_277' title='bbox 150 3451 299 3504; x_wconf 76' lang='lat' dir='ltr'>monachas</span> <span class='ocrx_word' id='word_1_278' title='bbox 319 3470 327 3496; x_wconf 80' lang='grc' dir='ltr'>ι</span> <span class='ocrx_word' id='word_1_279' title='bbox 345 3453 393 3516; x_wconf 81' lang='lat' dir='ltr'>qui</span> <span class='ocrx_word' id='word_1_280' title='bbox 409 3447 547 3510; x_wconf 68' lang='lat' dir='ltr'>‹ablecta-</span> <span class='ocrx_word' id='word_1_281' title='bbox 557 3446 920 3512; x_wconf 45' lang='lat' dir='ltr'>propositor&#39;saircnrausf’»,</span> <span class='ocrx_word' id='word_1_282' title='bbox 931 3445 1061 3494; x_wconf 77' lang='lat' dir='ltr'>labuntur</span> <span class='ocrx_word' id='word_1_283' title='bbox 1079 3455 1238 3508; x_wconf 79' lang='lat' dir='ltr'>inpeccara</span> 
     </span>
     <span class='ocr_line' id='line_1_46' title="bbox 152 3501 1237 3571; baseline -0.007 -13"><span class='ocrx_word' id='word_1_284' title='bbox 152 3511 251 3565; x_wconf 80' lang='lat' dir='ltr'>caruis.</span> <span class='ocrx_word' id='word_1_285' title='bbox 263 3513 386 3562; x_wconf 83' lang='lat' dir='ltr'>severius</span> <span class='ocrx_word' id='word_1_286' title='bbox 400 3511 457 3571; x_wconf 85' lang='lat' dir='ltr'>jam</span> <span class='ocrx_word' id='word_1_287' title='bbox 469 3509 608 3560; x_wconf 84' lang='lat' dir='ltr'>invehitur</span> <span class='ocrx_word' id='word_1_288' title='bbox 619 3509 647 3556; x_wconf 92' lang='lat' dir='ltr'>in</span> <span class='ocrx_word' id='word_1_289' title='bbox 659 3507 775 3566; x_wconf 86' lang='lat' dir='ltr'>epistola</span> <span class='ocrx_word' id='word_1_290' title='bbox 787 3507 813 3556; x_wconf 91' lang='lat' dir='ltr'>S.</span> <span class='ocrx_word' id='word_1_291' title='bbox 825 3506 916 3570; x_wconf 71' lang='lat' dir='ltr'>Siricis</span> <span class='ocrx_word' id='word_1_292' title='bbox 932 3505 1024 3563; x_wconf 90' lang='lat' dir='ltr'>Papae</span> <span class='ocrx_word' id='word_1_293' title='bbox 1034 3501 1069 3550; x_wconf 91' lang='lat' dir='ltr'>ad</span> <span class='ocrx_word' id='word_1_294' title='bbox 1082 3503 1237 3567; x_wconf 82' lang='lat' dir='ltr'>Hnnerrum</span> 
     </span>
     <span class='ocr_line' id='line_1_47' title="bbox 152 3559 1238 3636; baseline -0.006 -22"><span class='ocrx_word' id='word_1_295' title='bbox 152 3567 320 3636; x_wconf 70' lang='lat' dir='ltr'>episcopum,</span> <span class='ocrx_word' id='word_1_296' title='bbox 332 3583 356 3616; x_wconf 90' lang='lat' dir='ltr'>c.</span> <span class='ocrx_word' id='word_1_297' title='bbox 370 3577 393 3623; x_wconf 84' lang='lat' dir='ltr'>o.</span> <span class='ocrx_word' id='word_1_298' title='bbox 414 3571 442 3617; x_wconf 89' lang='lat' dir='ltr'>iu</span> <span class='ocrx_word' id='word_1_299' title='bbox 453 3583 508 3629; x_wconf 91' lang='lat' dir='ltr'>qna</span> <span class='ocrx_word' id='word_1_300' title='bbox 517 3570 641 3616; x_wconf 86' lang='lat' dir='ltr'>carnales</span> <span class='ocrx_word' id='word_1_301' title='bbox 652 3565 720 3613; x_wconf 88' lang='lat' dir='ltr'>istae</span> <span class='ocrx_word' id='word_1_302' title='bbox 730 3564 938 3627; x_wconf 75' lang='lat' dir='ltr'>conjunctiones</span> <span class='ocrx_word' id='word_1_303' title='bbox 950 3561 1096 3625; x_wconf 79' lang='lat' dir='ltr'>damnatae</span> <span class='ocrx_word' id='word_1_304' title='bbox 1107 3559 1238 3607; x_wconf 81' lang='lat' dir='ltr'>dicuntur</span> 
     </span>
     <span class='ocr_line' id='line_1_48' title="bbox 152 3621 1236 3691; baseline -0.005 -20"><span class='ocrx_word' id='word_1_305' title='bbox 152 3623 272 3691; x_wconf 67' lang='lat' dir='ltr'>publicai</span> <span class='ocrx_word' id='word_1_306' title='bbox 281 3627 388 3685; x_wconf 81' lang='lat' dir='ltr'>legibus</span> <span class='ocrx_word' id='word_1_307' title='bbox 398 3633 426 3674; x_wconf 85' lang='lat' dir='ltr'>et</span> <span class='ocrx_word' id='word_1_308' title='bbox 435 3624 630 3674; x_wconf 89' lang='lat' dir='ltr'>ecclesiasticis</span> <span class='ocrx_word' id='word_1_309' title='bbox 638 3621 757 3688; x_wconf 74' lang='lat' dir='ltr'>juribus.</span> <span class='ocrx_word' id='word_1_310' title='bbox 770 3623 878 3686; x_wconf 82' lang='lat' dir='ltr'>Norunt</span> <span class='ocrx_word' id='word_1_311' title='bbox 888 3622 1033 3680; x_wconf 81' lang='lat' dir='ltr'>epistolam</span> <span class='ocrx_word' id='word_1_312' title='bbox 1049 3628 1129 3665; x_wconf 81' lang='lat' dir='ltr'>istam</span> <span class='ocrx_word' id='word_1_313' title='bbox 1146 3631 1163 3665; x_wconf 92' lang='lat' dir='ltr'>a</span> <span class='ocrx_word' id='word_1_314' title='bbox 1185 3625 1236 3674; x_wconf 83' lang='grc'><strong>385.</strong></span> 
     </span>
     <span class='ocr_line' id='line_1_49' title="bbox 151 3675 1237 3756; baseline -0.008 -26"><span class='ocrx_word' id='word_1_315' title='bbox 151 3695 210 3730; x_wconf 84' lang='lat' dir='ltr'>esse</span> <span class='ocrx_word' id='word_1_316' title='bbox 224 3683 402 3756; x_wconf 52' lang='lat' dir='ltr'>decretalium</span> <span class='ocrx_word' id='word_1_317' title='bbox 415 3681 627 3742; x_wconf 68' lang='lat' dir='ltr'>juriscanonici</span> <span class='ocrx_word' id='word_1_318' title='bbox 648 3688 871 3740; x_wconf 80' lang='lat' dir='ltr'>antiquissimum</span> <span class='ocrx_word' id='word_1_319' title='bbox 882 3685 1088 3725; x_wconf 84' lang='lat' dir='ltr'>monumentum</span> <span class='ocrx_word' id='word_1_320' title='bbox 1106 3675 1237 3740; x_wconf 71' lang='lat' dir='ltr'>(Banien-</span> 
     </span>
     <span class='ocr_line' id='line_1_50' title="bbox 141 3731 1237 3804; baseline -0.008 -16"><span class='ocrx_word' id='word_1_321' title='bbox 141 3739 251 3797; x_wconf 75' lang='lat' dir='ltr'>bewer,</span> <span class='ocrx_word' id='word_1_322' title='bbox 270 3741 314 3802; x_wconf 65' lang='lat' dir='ltr'>Lar</span> <span class='ocrx_word' id='word_1_323' title='bbox 332 3742 403 3790; x_wconf 72' lang='lat' dir='ltr'>Pe&#39;res</span> <span class='ocrx_word' id='word_1_324' title='bbox 422 3741 449 3789; x_wconf 78' lang='lat' dir='ltr'>de</span> <span class='ocrx_word' id='word_1_325' title='bbox 460 3741 567 3800; x_wconf 82' lang='lat' dir='ltr'>t&#39;Eglise,</span> <span class='ocrx_word' id='word_1_326' title='bbox 580 3755 609 3796; x_wconf 89' lang='grc' dir='ltr'>ιι,</span> <span class='ocrx_word' id='word_1_327' title='bbox 622 3753 652 3804; x_wconf 79' lang='grc' dir='ltr'>ρ.Ι</span> <span class='ocrx_word' id='word_1_328' title='bbox 667 3747 717 3796; x_wconf 88' lang='lat'>340,</span> <span class='ocrx_word' id='word_1_329' title='bbox 736 3739 774 3786; x_wconf 92' lang='lat' dir='ltr'>M.</span> <span class='ocrx_word' id='word_1_330' title='bbox 789 3738 820 3784; x_wconf 92' lang='lat' dir='ltr'>P.</span> <span class='ocrx_word' id='word_1_331' title='bbox 839 3737 871 3784; x_wconf 92' lang='lat' dir='ltr'>L.</span> <span class='ocrx_word' id='word_1_332' title='bbox 884 3745 903 3784; x_wconf 84' lang='lat' dir='ltr'>t.</span> <span class='ocrx_word' id='word_1_333' title='bbox 919 3744 953 3791; x_wconf 80' lang='lat' dir='ltr'>rs,</span> <span class='ocrx_word' id='word_1_334' title='bbox 971 3735 1022 3782; x_wconf 90' lang='lat' dir='ltr'>col.</span> <span class='ocrx_word' id='word_1_335' title='bbox 1038 3741 1112 3790; x_wconf 81' lang='lat'>1137).</span> <span class='ocrx_word' id='word_1_336' title='bbox 1126 3731 1237 3793; x_wconf 81' lang='lat' dir='ltr'>Obl1ga·</span> 
     </span>
     <span class='ocr_line' id='line_1_51' title="bbox 150 3797 1236 3860; baseline -0.006 -14"><span class='ocrx_word' id='word_1_337' title='bbox 150 3797 253 3846; x_wconf 87' lang='lat' dir='ltr'>tionem</span> <span class='ocrx_word' id='word_1_338' title='bbox 269 3798 343 3850; x_wconf 88' lang='lat' dir='ltr'>illam</span> <span class='ocrx_word' id='word_1_339' title='bbox 364 3798 557 3859; x_wconf 86' lang='lat' dir='ltr'>perseverandi</span> <span class='ocrx_word' id='word_1_340' title='bbox 579 3803 707 3860; x_wconf 81' lang='lat' dir='ltr'>sanciunt</span> <span class='ocrx_word' id='word_1_341' title='bbox 725 3797 756 3843; x_wconf 89' lang='lat' dir='ltr'>C.</span> <span class='ocrx_word' id='word_1_342' title='bbox 777 3797 935 3843; x_wconf 85' lang='lat' dir='ltr'>Arelateuse</span> <span class='ocrx_word' id='word_1_343' title='bbox 955 3806 976 3840; x_wconf 93' lang='lat'>11</span> <span class='ocrx_word' id='word_1_344' title='bbox 992 3799 1026 3852; x_wconf 77' lang='lat' dir='ltr'>(c.</span> <span class='ocrx_word' id='word_1_345' title='bbox 1039 3799 1102 3849; x_wconf 78' lang='lat'>452),</span> <span class='ocrx_word' id='word_1_346' title='bbox 1115 3805 1176 3840; x_wconf 87' lang='lat' dir='ltr'>can.</span> <span class='ocrx_word' id='word_1_347' title='bbox 1195 3797 1222 3840; x_wconf 85' lang='lat'>25</span> <span class='ocrx_word' id='word_1_348' title='bbox 1229 3804 1236 3848; x_wconf 86' lang='lat'>;</span> 
     </span>
     <span class='ocr_line' id='line_1_52' title="bbox 149 3855 1160 3918; baseline -0.008 -14"><span class='ocrx_word' id='word_1_349' title='bbox 149 3856 182 3904; x_wconf 88' lang='lat' dir='ltr'>C.</span> <span class='ocrx_word' id='word_1_350' title='bbox 191 3858 385 3918; x_wconf 81' lang='lat' dir='ltr'>Andagavense</span> <span class='ocrx_word' id='word_1_351' title='bbox 397 3871 417 3905; x_wconf 92' lang='grc' dir='ltr'>ιι</span> <span class='ocrx_word' id='word_1_352' title='bbox 428 3860 499 3916; x_wconf 63' lang='lat'>(4557.</span> <span class='ocrx_word' id='word_1_353' title='bbox 512 3856 568 3905; x_wconf 86' lang='lat' dir='ltr'>Cir.</span> <span class='ocrx_word' id='word_1_354' title='bbox 583 3855 720 3908; x_wconf 71' lang='lat' dir='ltr'>Harduiu,</span> <span class='ocrx_word' id='word_1_355' title='bbox 733 3866 763 3918; x_wconf 84' lang='grc' dir='ltr'>ιι.</span> <span class='ocrx_word' id='word_1_356' title='bbox 776 3859 827 3909; x_wconf 86' lang='grc'><strong>775.</strong></span> <span class='ocrx_word' id='word_1_357' title='bbox 841 3868 891 3911; x_wconf 80' lang='lat'><strong>779·</strong></span> <span class='ocrx_word' id='word_1_358' title='bbox 954 3877 955 3880; x_wconf 64' lang='lat'><em>=</em></span> <span class='ocrx_word' id='word_1_359' title='bbox 1155 3905 1160 3914; x_wconf 46' lang='lat'>,</span> 
     </span>
    </p>

    <p class='ocr_par' dir='ltr' id='par_1_14' title="bbox 149 3907 1239 4030">
     <span class='ocr_line' id='line_1_53' title="bbox 178 3907 1236 3971; baseline -0.011 -6"><span class='ocrx_word' id='word_1_360' title='bbox 178 3916 190 3950; x_wconf 76' lang='lat'><strong>²</strong></span> <span class='ocrx_word' id='word_1_361' title='bbox 210 3916 309 3964; x_wconf 85' lang='lat' dir='ltr'>Evenit</span> <span class='ocrx_word' id='word_1_362' title='bbox 326 3921 418 3963; x_wconf 84' lang='lat' dir='ltr'>tamen</span> <span class='ocrx_word' id='word_1_363' title='bbox 437 3923 466 3963; x_wconf 91' lang='lat' dir='ltr'>ut</span> <span class='ocrx_word' id='word_1_364' title='bbox 492 3928 547 3962; x_wconf 89' lang='lat' dir='ltr'>uua</span> <span class='ocrx_word' id='word_1_365' title='bbox 565 3913 662 3960; x_wconf 87' lang='lat' dir='ltr'>domus</span> <span class='ocrx_word' id='word_1_366' title='bbox 685 3918 837 3958; x_wconf 83' lang='lat' dir='ltr'>contineret</span> <span class='ocrx_word' id='word_1_367' title='bbox 856 3907 1020 3958; x_wconf 87' lang='lat' dir='ltr'>monachum</span> <span class='ocrx_word' id='word_1_368' title='bbox 1039 3913 1066 3954; x_wconf 87' lang='lat' dir='ltr'>et</span> <span class='ocrx_word' id='word_1_369' title='bbox 1088 3907 1236 3971; x_wconf 82' lang='lat' dir='ltr'>moniales;</span> 
     </span>
     <span class='ocr_line' id='line_1_54' title="bbox 149 3963 1239 4030; baseline -0.008 -10"><span class='ocrx_word' id='word_1_370' title='bbox 149 3970 235 4020; x_wconf 84' lang='lat' dir='ltr'>immo</span> <span class='ocrx_word' id='word_1_371' title='bbox 250 3979 389 4020; x_wconf 85' lang='lat' dir='ltr'>exstructa</span> <span class='ocrx_word' id='word_1_372' title='bbox 405 3979 469 4020; x_wconf 87' lang='lat' dir='ltr'>sunt</span> <span class='ocrx_word' id='word_1_373' title='bbox 488 3970 653 4019; x_wconf 80' lang='lat' dir='ltr'>monasteria</span> <span class='ocrx_word' id='word_1_374' title='bbox 674 3968 866 4030; x_wconf 74' lang='lat' dir='ltr'>quaeaupttaa</span> <span class='ocrx_word' id='word_1_375' title='bbox 886 3964 1057 4014; x_wconf 85' lang='lat' dir='ltr'>vocabantur</span> <span class='ocrx_word' id='word_1_376' title='bbox 1073 3978 1138 4030; x_wconf 84' lang='lat' dir='ltr'>quia</span> <span class='ocrx_word' id='word_1_377' title='bbox 1159 3963 1239 4012; x_wconf 81' lang='lat' dir='ltr'>binas</span> 
     </span>
    </p>
   </div>
   <div class='ocr_carea' id='block_1_12' title="bbox 149 4024 1307 4098">
    <p class='ocr_par' dir='ltr' id='par_1_15' title="bbox 149 4024 1307 4098">
     <span class='ocr_line' id='line_1_55' title="bbox 149 4024 1307 4098; baseline -0.009 -20"><span class='ocrx_word' id='word_1_378' title='bbox 149 4025 608 4090; x_wconf 58' lang='lat' dir='ltr'>utriquersexurhabeb’antpartes.</span> <span class='ocrx_word' id='word_1_379' title='bbox 629 4027 719 4089; x_wconf 76' lang='lat' dir='ltr'>Quod,</span> <span class='ocrx_word' id='word_1_380' title='bbox 730 4025 780 4074; x_wconf 89' lang='lat' dir='ltr'>etsi</span> <span class='ocrx_word' id='word_1_381' title='bbox 795 4033 889 4074; x_wconf 88' lang='lat' dir='ltr'>sancte</span> <span class='ocrx_word' id='word_1_382' title='bbox 902 4024 1068 4084; x_wconf 90' lang='lat' dir='ltr'>quandoque</span> <span class='ocrx_word' id='word_1_383' title='bbox 1084 4025 1238 4082; x_wconf 88' lang='lat' dir='ltr'>trequenta·</span> <span class='ocrx_word' id='word_1_384' title='bbox 1305 4094 1307 4098; x_wconf 28' lang='grc' dir='ltr'>Ι</span> 
     </span>
    </p>
   </div>
   <div class='ocr_carea' id='block_1_13' title="bbox 147 4089 1237 4554">
    <p class='ocr_par' dir='ltr' id='par_1_16' title="bbox 147 4089 1237 4554">
     <span class='ocr_line' id='line_1_56' title="bbox 149 4089 1236 4148; baseline -0.007 -13"><span class='ocrx_word' id='word_1_385' title='bbox 149 4094 218 4143; x_wconf 84' lang='lat' dir='ltr'>tum,</span> <span class='ocrx_word' id='word_1_386' title='bbox 230 4102 285 4135; x_wconf 86' lang='lat' dir='ltr'>nnn</span> <span class='ocrx_word' id='word_1_387' title='bbox 296 4102 395 4136; x_wconf 88' lang='lat' dir='ltr'>vacare</span> <span class='ocrx_word' id='word_1_388' title='bbox 406 4089 530 4148; x_wconf 90' lang='lat' dir='ltr'>periculo</span> <span class='ocrx_word' id='word_1_389' title='bbox 539 4101 587 4146; x_wconf 89' lang='lat' dir='ltr'>per</span> <span class='ocrx_word' id='word_1_390' title='bbox 597 4099 625 4133; x_wconf 88' lang='lat' dir='ltr'>se</span> <span class='ocrx_word' id='word_1_391' title='bbox 634 4092 717 4144; x_wconf 86' lang='lat' dir='ltr'>patet.</span> <span class='ocrx_word' id='word_1_392' title='bbox 1220 4136 1236 4146; x_wconf 94' lang='lat'>..</span> 
     </span>
     <span class='ocr_line' id='line_1_57' title="bbox 177 4136 1237 4203; baseline -0.008 -9"><span class='ocrx_word' id='word_1_393' title='bbox 177 4145 338 4194; x_wconf 81' lang='lat' dir='ltr'>Calumnias</span> <span class='ocrx_word' id='word_1_394' title='bbox 348 4148 380 4194; x_wconf 89' lang='lat' dir='ltr'>D.</span> <span class='ocrx_word' id='word_1_395' title='bbox 393 4145 683 4197; x_wconf 77' lang='lat' dir='ltr'>Amelineau.,contra</span> <span class='ocrx_word' id='word_1_396' title='bbox 706 4155 795 4189; x_wconf 89' lang='lat' dir='ltr'>mores</span> <span class='ocrx_word' id='word_1_397' title='bbox 818 4138 1014 4188; x_wconf 87' lang='lat' dir='ltr'>monachorum</span> <span class='ocrx_word' id='word_1_398' title='bbox 1037 4139 1066 4203; x_wconf 86' lang='lat' dir='ltr'>¹S.</span> <span class='ocrx_word' id='word_1_399' title='bbox 1092 4136 1237 4202; x_wconf 81' lang='lat' dir='ltr'>Pakhomn</span> 
     </span>
     <span class='ocr_line' id='line_1_58' title="bbox 148 4194 1237 4262; baseline -0.009 -10"><span class='ocrx_word' id='word_1_400' title='bbox 148 4204 290 4262; x_wconf 81' lang='lat' dir='ltr'>redarguit</span> <span class='ocrx_word' id='word_1_401' title='bbox 301 4205 334 4252; x_wconf 90' lang='lat' dir='ltr'>R.</span> <span class='ocrx_word' id='word_1_402' title='bbox 354 4205 388 4252; x_wconf 90' lang='lat' dir='ltr'>D.</span> <span class='ocrx_word' id='word_1_403' title='bbox 408 4205 547 4257; x_wconf 84' lang='lat' dir='ltr'>Ladeuze,</span> <span class='ocrx_word' id='word_1_404' title='bbox 559 4201 636 4250; x_wconf 82' lang='lat' dir='ltr'>Elade</span> <span class='ocrx_word' id='word_1_405' title='bbox 644 4215 686 4246; x_wconf 82' lang='lat' dir='ltr'>sur</span> <span class='ocrx_word' id='word_1_406' title='bbox 694 4200 866 4246; x_wconf 68' lang='lat' dir='ltr'>lecinotrrrsme</span> <span class='ocrx_word' id='word_1_407' title='bbox 874 4197 1022 4258; x_wconf 77' lang='lat' dir='ltr'>paaaoman.</span> <span class='ocrx_word' id='word_1_408' title='bbox 1035 4210 1063 4260; x_wconf 83' lang='lat' dir='ltr'>in</span> <span class='ocrx_word' id='word_1_409' title='bbox 1074 4194 1237 4254; x_wconf 81' lang='lat' dir='ltr'>appendice.</span> 
     </span>
     <span class='ocr_line' id='line_1_59' title="bbox 177 4254 1236 4318; baseline -0.008 -10"><span class='ocrx_word' id='word_1_410' title='bbox 177 4261 290 4316; x_wconf 82' lang='lat' dir='ltr'>³Besse,</span> <span class='ocrx_word' id='word_1_411' title='bbox 302 4263 348 4309; x_wconf 84' lang='lat' dir='ltr'>Les</span> <span class='ocrx_word' id='word_1_412' title='bbox 357 4265 447 4310; x_wconf 77' lang='lat' dir='ltr'>moines</span> <span class='ocrx_word' id='word_1_413' title='bbox 458 4261 576 4317; x_wconf 78' lang='lat' dir='ltr'>d&#39;Ora&#39;eat,</span> <span class='ocrx_word' id='word_1_414' title='bbox 588 4273 615 4318; x_wconf 90' lang='lat' dir='ltr'>p.</span> <span class='ocrx_word' id='word_1_415' title='bbox 630 4266 679 4316; x_wconf 86' lang='lat'>187.</span> <span class='ocrx_word' id='word_1_416' title='bbox 697 4257 754 4306; x_wconf 85' lang='lat' dir='ltr'>Cir.</span> <span class='ocrx_word' id='word_1_417' title='bbox 765 4271 791 4316; x_wconf 92' lang='lat' dir='ltr'>p.</span> <span class='ocrx_word' id='word_1_418' title='bbox 804 4274 842 4314; x_wconf 67' lang='grc' dir='ltr'>ιο.</span> <span class='ocrx_word' id='word_1_419' title='bbox 861 4263 888 4305; x_wconf 84' lang='lat'>52</span> <span class='ocrx_word' id='word_1_420' title='bbox 899 4263 926 4304; x_wconf 89' lang='lat' dir='ltr'>et</span> <span class='ocrx_word' id='word_1_421' title='bbox 937 4267 1108 4315; x_wconf 83' lang='lat' dir='ltr'>prooemium</span> <span class='ocrx_word' id='word_1_422' title='bbox 1119 4254 1236 4314; x_wconf 86' lang='lat' dir='ltr'>regular.</span> 
     </span>
     <span class='ocr_line' id='line_1_60' title="bbox 147 4317 740 4425; baseline -0.01 -56"><span class='ocrx_word' id='word_1_423' title='bbox 147 4317 225 4425; x_wconf 52' lang='lat' dir='ltr'>brffi.</span> <span class='ocrx_word' id='word_1_424' title='bbox 238 4320 264 4369; x_wconf 94' lang='lat' dir='ltr'>S.</span> <span class='ocrx_word' id='word_1_425' title='bbox 279 4319 386 4425; x_wconf 66' lang='grc' dir='ltr'>Βίιείἰιί,</span> <span class='ocrx_word' id='word_1_426' title='bbox 398 4321 447 4379; x_wconf 73' lang='lat' dir='ltr'>lM.</span> <span class='ocrx_word' id='word_1_427' title='bbox 459 4320 490 4367; x_wconf 90' lang='lat' dir='ltr'>P.</span> <span class='ocrx_word' id='word_1_428' title='bbox 501 4319 535 4367; x_wconf 83' lang='lat' dir='ltr'>G.</span> <span class='ocrx_word' id='word_1_429' title='bbox 547 4323 565 4367; x_wconf 86' lang='lat' dir='ltr'>t.</span> <span class='ocrx_word' id='word_1_430' title='bbox 580 4325 616 4374; x_wconf 82' lang='lat'>31,</span> <span class='ocrx_word' id='word_1_431' title='bbox 628 4331 652 4366; x_wconf 88' lang='lat' dir='ltr'>c.</span> <span class='ocrx_word' id='word_1_432' title='bbox 667 4329 740 4375; x_wconf 69' lang='lat'>1079).</span> 
     </span>
     <span class='ocr_line' id='line_1_61' title="bbox 224 4391 1199 4436; baseline -0.006 -12"><span class='ocrx_word' id='word_1_433' title='bbox 224 4391 292 4434; x_wconf 84' lang='lat' dir='ltr'>esse,</span> <span class='ocrx_word' id='word_1_434' title='bbox 316 4392 359 4426; x_wconf 93' lang='lat' dir='ltr'>.c.</span> <span class='ocrx_word' id='word_1_435' title='bbox 1175 4427 1199 4436; x_wconf 41' lang='grc' dir='ltr'><em>Η</em></span> 
     </span>
     <span class='ocr_line' id='line_1_62' title="bbox 177 4425 1236 4491; baseline -0.012 -7"><span class='ocrx_word' id='word_1_436' title='bbox 177 4436 255 4484; x_wconf 79' lang='lat' dir='ltr'>⁵Clr.</span> <span class='ocrx_word' id='word_1_437' title='bbox 266 4435 319 4484; x_wconf 83' lang='lat' dir='ltr'>ista</span> <span class='ocrx_word' id='word_1_438' title='bbox 329 4435 457 4491; x_wconf 87' lang='lat' dir='ltr'>concilia,</span> <span class='ocrx_word' id='word_1_439' title='bbox 476 4432 614 4490; x_wconf 88' lang='lat' dir='ltr'>Harduiu,</span> <span class='ocrx_word' id='word_1_440' title='bbox 631 4445 651 4481; x_wconf 88' lang='lat'>11</span> <span class='ocrx_word' id='word_1_441' title='bbox 669 4439 721 4490; x_wconf 89' lang='lat'>780.</span> <span class='ocrx_word' id='word_1_442' title='bbox 736 4448 800 4490; x_wconf 83' lang='lat'>1090.</span> <span class='ocrx_word' id='word_1_443' title='bbox 815 4445 879 4487; x_wconf 87' lang='lat'>1¹77·</span> <span class='ocrx_word' id='word_1_444' title='bbox 894 4436 965 4486; x_wconf 85' lang='lat'>1178;</span> <span class='ocrx_word' id='word_1_445' title='bbox 980 4427 1086 4483; x_wconf 88' lang='lat' dir='ltr'>Helele,</span> <span class='ocrx_word' id='word_1_446' title='bbox 1104 4425 1236 4473; x_wconf 72' lang='lat' dir='ltr'>Conuiua-</span> 
     </span>
     <span class='ocr_line' id='line_1_63' title="bbox 150 4493 509 4554; baseline 0.006 -16"><span class='ocrx_word' id='word_1_447' title='bbox 150 4493 227 4554; x_wconf 82' lang='lat' dir='ltr'>grsclt.</span> <span class='ocrx_word' id='word_1_448' title='bbox 239 4507 259 4542; x_wconf 90' lang='lat'>11</span> <span class='ocrx_word' id='word_1_449' title='bbox 271 4501 323 4542; x_wconf 79' lang='lat'>563.</span> <span class='ocrx_word' id='word_1_450' title='bbox 335 4501 445 4553; x_wconf 78' lang='lat'>693-093.</span> <span class='ocrx_word' id='word_1_451' title='bbox 456 4501 509 4552; x_wconf 81' lang='lat'>738.</span> 
     </span>
    </p>
   </div>
   <div class='ocr_carea' id='block_1_14' title="bbox 0 0 1580 5004">
    <p class='ocr_par' dir='ltr' id='par_1_17' title="bbox 0 0 1580 5004">
     <span class='ocr_line' id='line_1_64' title="bbox 0 0 1580 5004; baseline 0 0"><span class='ocrx_word' id='word_1_452' title='bbox 0 0 1580 5004; x_wconf 95' lang='lat' dir='ltr'> </span> 
     </span>
    </p>
   </div>
  </div>
 </body>
</html>
