3148 5004
134 780 175 826 An
198 777 265 839 filius

101 838 176 895 possit
184 837 219 884 uel
226 837 264 886 de·

104 896 155 940 θεαὶ
168 894 263 944 eclam·

105 956 142 998 lro
155 954 219 1002 extra
232 952 265 1000 ad

26 1051 33 1056 .
104 1009 265 1060 consulendum
296 1051 299 1058 .

103 1068 256 1127 parentibus?

101 2189 261 2238 Prohibentur

100 2247 214 2296 Parentes
222 2262 230 2303 ,·

99 2441 159 2487 Aere
180 2440 258 2490 alieno

96 2501 204 2557 grauati.

321 447 360 510 92
612 467 679 504 rans
694 467 815 516 qurum.
832 466 928 503 suerro
946 471 966 503 r.
984 466 1076 502 cnru‘r
1090 467 1111 502 11

319 602 438 685 dotibus¹
455 602 517 660 suis
537 609 567 660 et
585 600 715 684 Instituti
733 602 861 672 delectu,
876 599 1024 686 majorem
1037 602 1083 659 vel
1095 601 1241 659 minorem
1254 601 1305 660 dat
1317 619 1401 678 spem

321 674 454 732 utilitatis
468 692 537 732 curn
552 691 686 752 propriae
698 685 763 731 tum
774 690 958 732 communis.

365 771 451 837 147.
468 773 640 854 Quaeres,
658 792 702 835 an
709 769 800 852 filius
810 772 906 854 possit
929 771 1110 852 aliquando
1122 771 1176 834 vel
1192 770 1297 834 debeat
1311 775 1407 838 exire

319 874 339 917 e
354 856 504 918 claustro
519 855 562 917 ad
577 853 843 917 subveniendum
856 853 1076 936 parentibus?

364 960 391 1001 1.
408 938 487 1000 Ante
494 936 587 1018 sacta
601 943 682 1015 vota,
700 937 813 1018 egredi
829 937 939 1013 debet,
957 935 1020 999 nisi
1034 935 1100 1000 alio
1115 935 1213 998 modo
1226 938 1407 1018 providere·

319 1020 425 1102 possit
447 1029 617 1083 extremae
640 1021 695 1083 vel
709 1019 806 1100 gravi
828 1028 1006 1102 parentum
1023 1018 1229 1081 necessitati.
1246 1019 1402 1084 Nondum

318 1102 407 1166 enim
424 1104 569 1167 mutavit
583 1110 723 1179 statum,
740 1122 803 1164 nec
819 1102 930 1184 aliquo
948 1102 1081 1165 vinculo
1095 1101 1306 1183 prohibetur.

359 1204 390 1248 2.
407 1187 484 1248 Post
497 1191 578 1254 vola,
597 1184 695 1249 debet
711 1185 802 1266 prius
815 1204 938 1266 rogare
949 1185 1144 1248 Praelatum
1159 1191 1197 1246 ut
1213 1204 1272 1267 per
1285 1185 1398 1249 modos

318 1269 427 1332 licitos
450 1288 511 1332 nec
535 1288 616 1330 suae
638 1267 836 1350 professioni
859 1276 1088 1350 repugnantes
1110 1267 1269 1348 opitulari
1291 1270 1396 1349 possit

318 1350 526 1434 parentibus.
550 1351 619 1414 Nec
636 1353 723 1413 hanc
746 1349 942 1414 facultatem
957 1351 1148 1413 detrectare
1163 1356 1273 1432 potest
1295 1352 1397 1414 Prae·

317 1437 420 1498 latus.

332 1587 335 1594 ¹
359 1515 456 1598 Quod
484 1515 513 1578 si
542 1515 614 1578 fieri
643 1520 789 1596 nequeat
819 1516 882 1579 nisi
911 1515 1112 1597 egrediendo
1139 1533 1157 1575 e
1185 1515 1331 1576 claustro
1359 1521 1393 1576 et

318 1598 469 1661 habitum
492 1596 701 1675 dimittend0,
726 1597 753 1659 si
776 1598 960 1663 necessitas
983 1598 1026 1661 sit
1050 1604 1186 1660 extrema
1201 1607 1233 1658 et
1250 1594 1392 1674 indubia,

318 1687 453 1744 tenetur
482 1681 584 1743 exire.
614 1679 784 1743 Observes
818 1681 871 1762 agi
902 1682 942 1745 de
975 1700 1114 1763 egressu
1147 1680 1218 1742 sine
1245 1677 1394 1742 solutione

316 1768 467 1826 votorum.

358 1847 396 1909 In
408 1844 503 1928 gravi
514 1843 727 1920 necessitate,
741 1845 879 1927 indiget,
893 1847 936 1909 ad
947 1845 1137 1910 exeundum
1150 1852 1183 1909 et
1196 1845 1396 1909 manendum

317 1927 349 1991 in
375 1929 501 1997 seculo,
531 1928 679 2008 legitima
695 1928 886 2011 Superioris
902 1929 1076 1992 facultate.
1094 1930 1189 1992 Haec
1201 1936 1253 1990 est
1266 1935 1397 1991 senten·

316 2009 364 2074 tia
378 2009 595 2094 probabilior.
619 2010 664 2073 Et
682 2010 709 2074 si
727 2029 786 2094 per
801 2012 1029 2076 dimissionem
1047 2011 1133 2075 solvi
1149 2017 1291 2094 possunt
1304 2018 1405 2089 vota,

316 2103 474 2157 censetur
486 2093 604 2156 adesse
620 2112 724 2156 causa
739 2113 814 2156 eam
830 2094 1047 2158 concedendi.

360 2178 445 2242 148.
463 2179 647 2254 Parentes,
665 2196 741 2239 cum
764 2197 823 2260 per
838 2197 874 2239 se
897 2177 982 2241 lilios
998 2180 1089 2240 alere
1104 2182 1206 2257 atque
1222 2175 1399 2239 instituere
1424 2237 1432 2242 .

315 2258 470 2344 debeant,
488 2258 619 2341 ingredi
631 2261 840 2341 Religionem
853 2268 1014 2324 vetantur
1026 2258 1089 2324 nisi
1101 2268 1180 2341 apte
1192 2259 1401 2340 providerint

314 2341 389 2405 filiis
405 2342 618 2407 instituendis
634 2349 667 2405 et
683 2343 868 2406 secundum
879 2349 1006 2406 statum
1022 2362 1121 2405 suum
1138 2339 1279 2405 alendis.

358 2425 443 2489 149.
462 2429 551 2487 Aere
577 2428 696 2489 alieno
722 2429 874 2504 gravati,
903 2445 1046 2508 quorum
1074 2423 1221 2489 creditor
1236 2423 1281 2486 sit
1304 2432 1398 2488 certa

313 2525 353 2568 ac
386 2506 522 2569 definita
553 2527 710 2590 persona,
742 2528 846 2571 causa
876 2517 990 2572 autem
1022 2507 1123 2572 debiti
1157 2525 1302 2570 onerosa
1333 2524 1399 2569 non

314 2594 426 2651 autem
453 2588 598 2651 liberalis
621 2590 810 2670 promissio
836 2591 1038 2654 dehortandi
1064 2596 1144 2653 sunt
1171 2590 1213 2652 ab
1240 2590 1393 2671 ingressu

313 2690 379 2752 quo
395 2670 596 2752 impediatur
611 2671 713 2735 debiti
736 2674 873 2737 solutio.
900 2673 972 2737 Cfr.
997 2674 1164 2752 Sanchez,
1187 2673 1221 2735 in
1242 2671 1392 2756 Deculog.

221 2775 225 2784 ·
313 2758 335 2817 l.
351 2777 382 2837 4,
401 2773 429 2816 c.
451 2775 499 2834 19,
517 2774 550 2817 n.
572 2776 620 2818 ro.

323 2929 325 2932 ¹
346 2860 461 2919 Verum
474 2860 636 2932 enimvero,
651 2861 878 2936 distinguendae
892 2863 940 2920 hic
953 2872 1023 2920 sunt
1034 2862 1111 2940 juris
1125 2860 1267 2920 naturalis
1279 2868 1308 2917 et
1316 2856 1393 2935 juris

312 2945 428 3020 positivi
441 2945 623 3020 sanctiones.
1381 2995 1382 2998 ,

348 3047 374 3089 1.
387 3029 500 3088 Stando
506 3026 579 3108 jure
589 3033 726 3102 nataliae,
742 3031 773 3090 S.
788 3030 924 3090 Thomas
939 3043 948 3072 ¹
963 3032 1131 3102 arbitratur,
1142 3031 1170 3088 ei
1182 3029 1233 3104 qui
1252 3028 1394 3086 solvendo

311 3131 371 3171 non
385 3123 430 3170 est
442 3112 539 3183 licere,
559 3111 637 3171 facta
649 3114 797 3172 bonorum
810 3117 955 3188 cessione,
967 3115 1080 3188 ingredi
1091 3116 1122 3173 in
1132 3115 1318 3188 religionem,
1330 3130 1399 3171 cum

310 3197 524 3273 patrimonium
546 3215 607 3254 non
626 3209 728 3255 autem
749 3216 875 3272 persona
887 3200 1029 3258 debitoris
1041 3196 1343 3272 obligeturcreditori.

345 3283 465 3352 Contra,
481 3280 625 3340 Doctores
634 3282 755 3363 quidam
771 3283 951 3342 Parisienses
965 3295 993 3341 et
1007 3282 1169 3356 Gregorius
1177 3283 1214 3340 de
1224 3280 1364 3340 Valentia
1376 3292 1398 3352 ²,

308 3383 466 3444 arguentes
492 3387 528 3427 ex
555 3370 731 3427 necessitate
755 3368 892 3442 explendi
915 3368 1047 3425 officium
1070 3368 1213 3445 justitiae,
1236 3376 1339 3424 vetant
1356 3383 1394 3424 ne

307 3455 481 3528 religionem
494 3453 676 3528 ingrediaris,
692 3453 717 3510 si
732 3455 787 3511 hac
802 3455 919 3511 ratione
931 3453 1115 3528 prohibearis
1124 3449 1292 3509 satisfacere
1300 3451 1392 3509 credi·

307 3539 429 3610 toribus.
1399 3577 1401 3580 -

341 3621 473 3695 Aequior
485 3629 514 3677 et
527 3620 623 3678 verior
635 3619 791 3689 sententia,
803 3636 895 3694 quani
910 3627 1010 3677 tuetur
1023 3617 1054 3676 S.
1068 3618 1244 3692 Alphonsus
1253 3626 1274 3689 ³,
1289 3619 1392 3677 nititur

306 3704 363 3760 hoc
385 3702 549 3776 principio:
572 3702 671 3760 debita
694 3719 759 3760 esse
781 3703 923 3761 solvenda
943 3703 1000 3760 nisi
1013 3703 1108 3760 nimio
1122 3703 1269 3761 excuseris
1283 3703 1395 3761 incom-

306 3787 406 3858 modo.
422 3786 531 3863 Quare,
545 3788 570 3844 si
595 3787 744 3844 manendo
768 3787 799 3844 in
821 3789 921 3846 seculo
944 3787 1079 3845 videatur
1100 3783 1183 3846 brevi
1205 3786 1337 3845 futurum
1363 3797 1395 3845 ut

304 3871 393 3929 debiti
408 3888 551 3944 magnam
572 3870 679 3927 saltem
702 3871 801 3927 solvas
815 3880 940 3945 partem,
956 3889 1054 3945 neque
1069 3872 1228 3929 immineat
1240 3870 1391 3945 probabile
1463 3877 1466 3882 '

305 3955 468 4028 periculum
497 3963 685 4029 peccatorum
717 3955 763 4012 vel
791 3955 974 4013 amittendae
999 3954 1175 4027 vocationis,
1201 3953 1313 4014 interea
1340 3953 1396 4012 erit

304 4038 556 4112 supersedendum
570 4038 720 4112 proposito
735 4037 896 4112 religionis.
912 4038 999 4115 Quod
1018 4039 1043 4095 si
1062 4040 1237 4096 alterutrum
1250 4039 1388 4097 interces-

303 4123 538 4197 serit,integrum
548 4123 602 4181 erit
612 4123 664 4180 tibi
674 4124 777 4182 cedere
787 4124 911 4181 boniset
920 4139 1073 4196 capessere
1083 4133 1194 4181 statum
1205 4124 1387 4198 religiosum.

329 4381 337 4415 ¹
345 4399 371 4449 .²·
384 4399 405 4437 α,
418 4397 444 4442 q.
459 4390 509 4441 189,
518 4363 570 4430 art.
582 4390 596 4430 6
607 4382 642 4429 ad
653 4389 675 4430 3.
689 4385 734 4419 -2
745 4382 874 4432 Commeat.
889 4383 956 4433 theol.
969 4389 988 4432 t.
1003 4391 1025 4442 3,
1035 4385 1062 4433 d.
1075 4391 1097 4443 5,
1108 4399 1134 4446 q.
1146 4393 1169 4442 6,
1182 4399 1209 4445 p.
1222 4402 1243 4443 7.
1255 4387 1301 4422 -3
1312 4387 1387 4436 Theo·

300 4441 365 4496 logia
375 4452 436 4488 mor.
449 4440 535 4498 l.4l5,
545 4454 572 4487 n.
587 4455 625 4496 71.
