3148 5004
119 443 297 526 [126427]
490 463 527 512 nii
541 463 699 510 vocariouii
714 463 860 501 xatierosii
1169 443 1208 506 'l9

120 598 231 680 gratia
259 597 374 662 utendi
408 597 556 661 consiliis
591 596 795 680 evangelicis
822 604 856 660 nt
882 618 915 660 re
943 599 1003 681 ipsi
1030 599 1154 662 rnrliore
1184 601 1204 664 ¹.

159 681 258 765 Quod
289 683 383 744 nullo
413 687 508 744 certo
541 680 772 743 existimamus
802 687 960 746 constare
992 690 1206 764 argumente.

119 764 273 845 Namque
297 772 332 827 et
355 763 420 827 loci
445 762 643 845 Scripturas
668 763 796 827 Sacrae
818 770 852 827 et
874 767 1048 845 generales
1066 767 1208 830 Patrum

119 847 380 910 adhortationes
408 847 583 909 commode
610 845 824 928 accipiuntur
853 846 894 909 de
920 847 973 910 his
1003 868 1099 929 quae,
1130 869 1207 913 cum

120 929 258 992 meliora
282 931 350 993 sint
366 929 551 991 secundum
575 948 623 1006 se,
641 931 836 1011 plerumque
852 950 912 993 seu
934 950 1042 1013 perse
1066 941 1207 1013 possunt

120 1012 266 1092 suaderi,
283 1032 351 1075 non
375 1013 512 1075 exclusa
529 1011 689 1092 peculiari
705 1012 901 1092 exceptione
916 1033 924 1090 ;
941 1021 974 1075 et
998 1013 1072 1094 quis
1088 1014 1208 1079 dixerit

120 1103 286 1175 quotquot
321 1095 354 1158 in
396 1093 554 1176 conjugio
590 1094 632 1156 ad
668 1101 885 1158 sanctitatem
914 1096 1142 1178 pervenerint,
1170 1108 1208 1160 ut

120 1196 150 1238 e.
174 1198 204 1240 c.
232 1177 268 1242 S.
293 1177 487 1240 Ludovieus
510 1196 580 1254 rex,
605 1176 648 1238 ob
671 1177 818 1258 aliquam
843 1197 939 1240 suam
967 1179 1206 1260 negligentiam

121 1261 275 1341 proxima
291 1261 439 1322 caruisse
456 1259 655 1322 vocatione!
1014 1329 1016 1334 ,

166 1344 251 1408 126.
281 1365 309 1407 1.
335 1341 500 1424 Imprimis
530 1343 612 1405 satis
639 1361 707 1404 non
734 1359 913 1425 possumus
944 1363 1081 1406 monere
1106 1351 1207 1425 atque

121 1424 264 1503 hortari,
290 1433 327 1488 ut
349 1425 378 1487 si
400 1425 442 1487 ad
464 1431 591 1492 statum
616 1426 762 1504 aliquem
788 1427 885 1488 suavi
907 1427 971 1488 Dei
997 1426 1208 1509 providentia

122 1506 217 1588 dirigi
253 1528 292 1571 ac
321 1507 403 1571 ferri
434 1508 617 1589 prudenter
652 1507 810 1586 videariS,
845 1508 936 1570 hunc
970 1509 1208 1573 incunctanter

123 1591 279 1672 arripias,
297 1589 500 1674 Hujusmodi
516 1591 603 1653 enim
620 1590 740 1652 electio
756 1609 909 1654 securam
926 1591 1005 1654 iacit
1019 1612 1123 1674 spem,
1141 1612 1207 1674 qua

124 1693 220 1734 secus
248 1673 391 1751 carebis,
419 1671 577 1734 facilioris
604 1679 637 1734 et
664 1673 919 1736 abundantioris
942 1676 1073 1738 salutis
1103 1675 1208 1759 Cujus

123 1754 248 1836 negotii
274 1755 302 1818 si
329 1757 402 1835 quis
429 1757 483 1818 vel
510 1755 629 1817 leviter
651 1757 836 1838 perpendat
863 1765 1081 1836 momentum,
1110 1779 1208 1822 nemo

123 1839 186 1902 nisi
203 1841 328 1901 stultus
344 1840 510 1902 delectum
526 1836 663 1900 habebit
677 1839 767 1899 vitae
783 1839 938 1919 adquam
951 1840 1062 1902 minus
1074 1841 1208 1904 videtur

123 1921 275 2000 idoneus,
293 1926 407 2002 sicque
423 1920 640 2004 praecipitem
662 1940 699 1983 se
714 1922 805 1984 dabit
820 1921 855 1983 in'
871 1921 1053 2001 molestias,
1075 1944 1207 1986 aerum-

122 2025 196 2080 nas,
227 2011 329 2084 atque
363 2011 522 2067 aeternae
557 2004 674 2065 ruinae
709 2003 856 2084 pericula
880 2024 966 2084 quae
996 2005 1207 2085 gravissimis

122 2097 322 2149 sanctorum
331 2087 482 2149 virorum
495 2085 709 2148 inculcantur
723 2087 845 2150 verbis.
858 2086 1204 2171 casaubonum,

126 2168 228 2233 Theoi.
244 2188 323 2233 inor.
351 2171 379 2232 li
391 2187 421 2249 5,
435 2189 469 2231 n.
486 2173 538 2248 78.
720 2199 724 2202 ·
1206 2228 1208 2232 .

165 2274 196 2316 2.
220 2253 266 2316 Ut
289 2272 379 2314 nunc
402 2252 509 2333 ipsam
533 2251 771 2332 aggrediamur
805 2249 1048 2330 quaestionem,
1087 2253 1210 2334 duplex

123 2335 262 2416 intelligi
278 2344 389 2416 potest
405 2333 613 2395 necessitas:
639 2333 694 2395 vel
709 2334 894 2395 necessitas
919 2334 1107 2397 vocationis
1124 2354 1209 2416 quae

124 2419 317 2498 requiratur
337 2428 375 2480 ut
398 2415 550 2480 condicio
566 2415 647 2479 liciti
664 2416 835 2496 ingressus
862 2417 895 2478 in
923 2417 1130 2498 religionem,
1155 2419 1210 2480 vel

124 2500 307 2564 necessitas
330 2499 585 2581 obtemperandi
605 2498 797 2561 invitationi
822 2498 953 2562 divinae
984 2519 1083 2580 quain
1114 2502 1148 2564 in
1175 2507 1208 2564 te

123 2583 320 2665 experiaris.
337 2584 389 2646 De
405 2591 548 2661 utroque
561 2586 762 2661 argumento
778 2583 973 2664 separatim.

168 2667 252 2732 127.
274 2687 303 2729 1.
319 2667 416 2728 Estne
430 2684 531 2725 annon
548 2662 653 2726 divina
668 2663 786 2725 vocatio
801 2665 968 2727 necessaria
984 2670 1018 2728 nl
1033 2665 1115 2727 licite
1126 2665 1210 2730 niam

123 2746 312 2831 ingrediaris
324 2746 522 2810 consiliorum
535 2745 780 2830 evangelicorum
792 2747 807 2807 Ρ

166 2834 199 2908 a)
225 2832 325 2894 Nulla
351 2849 436 2912 opus
462 2836 512 2891 est
539 2830 718 2891 vocatione
745 2849 843 2910 quae,
871 2849 911 2892 ea
938 2850 1039 2912 quam
1066 2831 1208 2894 diximus

124 2913 268 2988 ratione,
286 2913 330 2976 sit
351 2911 502 2994 specialis.
527 2912 622 2976 Sicut
638 2913 737 2990 enim,
757 2912 893 2994 cognito
908 2933 949 2975 ex
965 2914 1072 2977 sacris
1088 2913 1208 2978 litteris

125 3005 318 3076 praecepto,
335 2996 463 3071 statim,
489 2995 530 3056 de
557 2995 717 3066 interiore
747 2995 916 3058 locutione
947 2996 1030 3059 nihil
1061 2996 1207 3075 solliciti,

124 3077 369 3142 novimus-nos
395 3078 508 3140 divina
534 3079 708 3140 voluntate
735 3078 914 3158 obligatos,
944 3078 1002 3156 ita,
1031 3079 1146 3141 audito
1176 3079 1209 3145 iii

124 3159 233 3223 Sacra
249 3159 424 3243 Scriptura
439 3160 589 3241 generali
611 3160 751 3223 Domini
769 3159 918 3236 consilio,
942 3181 1009 3223 non
1032 3167 1084 3224 est
1105 3161 1210 3226 ainbi·

123 3242 270 3323 gendum
300 3262 362 3305 nos
388 3263 447 3325 per
476 3262 512 3304 se
541 3243 614 3304 Deo
640 3253 772 3322 gratam
803 3240 954 3305 facturos
984 3263 1068 3321 reni,
1100 3243 1128 3310 si
1154 3243 1209 3306 isti

87 3397 95 3410 ‚
123 3325 262 3388 consilio
285 3345 414 3389 morem
440 3344 610 3406 geramus.
638 3324 709 3387 Cf.
738 3324 773 3386 S.
797 3323 964 3386 Tlromam
980 3347 1009 3388 2.
1027 3348 1056 3393 a,
1076 3344 1108 3405 q.
1138 3331 1208 3405 189,

125 3416 192 3471 art.
219 3429 257 3472 10
279 3418 312 3472 et
328 3411 480 3490 opuscul.
498 3413 604 3470 contra
618 3404 803 3468 retrahentes
816 3413 881 3468 etc.
905 3426 934 3470 c.
952 3429 970 3486 9
986 3407 1042 3468 ubi
1066 3409 1210 3471 necessi·

122 3498 231 3553 tatem
247 3491 436 3554 vocationis
452 3489 606 3573 specialis
623 3491 747 3553 diserte
763 3497 865 3569 negat
881 3489 933 3552 his
949 3489 1084 3552 verbis:
1101 3515 1115 3545 ‹
1133 3491 1209 3552 Non

123 3581 176 3635 est
188 3573 408 3637 laudabile...
426 3580 502 3654 post
516 3572 730 3635 vocationem
744 3571 938 3633 interiorem
950 3570 996 3633 vel
1008 3571 1210 3635 exteriorem

121 3654 168 3716 vel
193 3656 300 3719 verbo
321 3654 367 3717 vel
391 3655 569 3737 scripturis
591 3656 716 3718 factam
734 3653 867 3716 differre
882 3660 916 3716 et
932 3655 1028 3735 quasi
1045 3655 1077 3718 in
1101 3654 1210 3716 dubiis

122 3738 301 3802 consilium
334 3757 544 3819 quaerere.»
571 3738 642 3800 Cfr.
666 3737 768 3799 etiam
796 3737 965 3799 Passerini
998 3737 1032 3800 in
1065 3739 1209 3800 eundem

121 3828 190 3885 art.
207 3842 255 3897 io,
269 3841 303 3885 n.
324 3843 372 3900 14,
390 3826 445 3898 183
459 3821 587 3883 Suarez
602 3821 652 3882 De
663 3819 837 3902 Religioni,
855 3823 877 3882 l.
896 3839 926 3899 5,
944 3839 974 3883 c.
991 3826 1011 3883 8
1027 3840 1060 3883 ii.
1078 3839 1110 3900 5.

165 3903 199 3982 b)
222 3903 310 3986 Quin
334 3905 437 3966 immo
457 3901 509 3984 sas
532 3908 575 3964 esl
598 3902 733 3965 cuilibet
758 3902 813 3982 qui
837 3921 904 3964 non
929 3902 1098 3965 detinetur
1119 3903 1210 3966 inex-

123 3987 307 4068 superabili
331 3985 566 4068 impedimento
589 3985 743 4047 absolute
766 3993 924 4066 appetere
948 3991 981 4048 et
1005 3986 1129 4066 eligere
1148 3985 1211 4049 sibi

121 4068 214 4131 viam
237 4068 458 4131 consiliorum
475 4088 516 4130 ex
531 4068 643 4130 animo
663 4067 817 4130 sectandi
833 4066 1087 4150 perfectionem.
1103 4067 1211 4150 Cujus

152 4315 160 4349 ¹
180 4313 262 4380 Quod
282 4312 421 4371 addimus,
441 4312 507 4378 quia
527 4311 595 4360 nulli
616 4311 721 4359 sincere
738 4310 840 4359 volenti
859 4323 1110 4377 negamuslmeram
1126 4307 1211 4373 iacul-

119 4371 315 4478 diiiilaesmm
325 4379 418 4420 tamen
435 4384 571 4420 sinceram
590 4370 663 4418 hanc
674 4370 842 4418 voluntatem
856 4382 916 4429 Jam
934 4367 1098 4416 ascribimus
1109 4374 1212 4428 gratiae

1272 1345 1418 1393 Devocnlio·

1262 1406 1301 1450 nis
1326 1403 1421 1449 divinar

1263 1463 1403 1509 necessitate.

1290 1573 1365 1620 Neine
1384 1585 1422 1619 sn-

1259 1633 1325 1691 piens
1337 1629 1420 1676 detrec-

1265 1689 1324 1736 rain
1333 1689 1419 1746 specia-

1262 1748 1305 1794 lem
1318 1746 1419 1793 vocatio-

1262 1819 1314 1853 nem
1324 1804 1380 1851 Dei.

1283 2258 1334 2319 Qno
1342 2261 1421 2316 spectet

1262 2317 1385 2364 necessitas
1396 2313 1423 2360 ile

1263 2388 1309 2434 qna
1328 2375 1420 2432 quaeri·
1483 2377 1486 2384 '

1264 2437 1312 2481 tur.

1293 2679 1403 2740 Quanam

1264 2741 1318 2798 opus
1334 2739 1367 2782 sit
1382 2749 1421 2783 vo·

1264 2796 1354 2843 catione
1368 2797 1393 2838 iit

1264 2853 1327 2901 licite
1345 2848 1419 2911 profi·

1266 2910 1337 2956 leeris
1364 2923 1419 2956 con·

1264 2968 1330 3016 silio.

1280 3079 1307 3126 N
1308 3093 1338 3126 on
1348 3081 1423 3138 requi-

1263 3139 1328 3241 iiim
1337 3139 1423 3196 speria

1265 3917 1336 3964 reaia
1344 3913 1424 3966 daia

1266 3976 1401 4030 intentione,

1264 4031 1425 4150 lulli-52:¹⁰·
