3142 5004
219 447 403 526 [262-263]
488 470 532 513 pu,
548 469 783 506 ourionrrottteus
800 470 937 504 nemorost
953 470 1080 508 reoresst
1247 447 1304 512 157

260 611 289 668 6.
306 605 451 749 Quando
468 613 539 667 cert
543 626 563 667 a
586 607 638 668 vis
662 625 774 670 rerum
790 605 838 667 ita
854 607 888 668 in
903 607 1182 670 sustentationem
1206 608 1305 674 datur

218 690 374 768 religioso
407 695 444 749 ut
471 708 579 768 neque
606 688 849 750 monasterium
879 690 957 763 ¹quid
988 691 1107 752 debeat
1135 694 1302 773 supplete

215 790 322 851 neque
337 773 406 852 ipse
419 771 624 832 redderet
572 780 624 833 rat
628 773 749 847 ionem,
765 771 835 832 sive
850 772 896 833 int
899 792 950 848 ra,
964 773 1035 834 sive
1048 782 1143 835 extra
1156 776 1304 835 claustra

216 862 329 918 verset
332 873 383 924 ur,
410 855 489 915 data
517 863 675 915 censetur
701 853 861 915 facultas
873 855 1017 917 donandi
1046 858 1099 918 cui
1123 856 1257 918 libuerit
1272 857 1303 918 id

216 937 305 1016 quod
314 935 442 1017 parcius
457 935 584 997 vivendo
595 934 747 1016 reliquum
763 937 822 998 obt
809 939 958 1000 itnuerit

178 1055 180 1059 ’
205 1103 207 1106 ,
250 1046 339 1101 263.
358 1047 534 1111 Quaeres
551 1043 659 1114 quidsi
674 1049 819 1100 lieentia
833 1048 992 1100 indebite
1007 1047 1094 1100 dato
1112 1043 1220 1102 fuerit?

249 1123 337 1204 Resp.
353 1125 565 1199 Distinguendi
579 1137 648 1182 sunt
661 1145 768 1185 casus:

250 1228 274 1268 1.
289 1210 320 1268 Si
333 1207 459 1269 indebite
474 1212 545 1284 quia
560 1207 773 1280 involuntarie,
788 1221 935 1284 quatenus
945 1199 1105 1268 subditus
1098 1221 1141 1268 int
1131 1211 1268 1270 tulerit
1242 1229 1302 1268 vim
1353 1269 1354 1272 ,

214 1304 244 1352 et
258 1308 384 1364 metum,
401 1297 447 1351 vel
471 1294 575 1351 fraude
597 1295 747 1367 deceperit
759 1294 948 1368 Superiorem
971 1296 1010 1350 ita
1032 1307 1065 1350 ut
1084 1313 1162 1352 error
1181 1311 1302 1350 causam

211 1381 325 1437 dederit
346 1381 516 1450 consensui,
537 1377 705 1438 licentiam
706 1377 760 1438 lla
774 1389 976 1453 reputatur
996 1381 1150 1454 religiosus
1168 1393 1304 1436 eautens

212 1465 373 1521 committit
386 1467 491 1521 vitium
506 1465 702 1537 proprietatis.

246 1567 273 1606 2
288 1548 329 1619 Si,
351 1551 421 1621 quia
439 1545 515 1606 deest
535 1549 572 1604 ad
598 1549 668 1605 talia
684 1552 739 1626 poi
739 1567 766 1606 es
768 1552 814 1607 ias
838 1550 868 1605 in
893 1550 1083 1619 concedente,
1107 1566 1208 1606 rursus
1229 1548 1303 1606 nihil

213 1631 319 1689 efficiet
341 1633 514 1713 hujusmodi
537 1632 666 1689 licentia.
692 1631 839 1689 Observes
862 1648 962 1690 tamen
990 1651 1050 1690 non
1071 1633 1184 1688 censeri
1204 1647 1255 1705 per
1273 1651 1304 1689 se

203 1715 376 1784 invalidam
397 1717 548 1772 licentiam
569 1734 660 1789 quam
685 1716 825 1789 Superior
850 1737 885 1774 ex
911 1720 975 1791 lege
999 1719 1069 1774 dare
1091 1718 1303 1790 prohiberetur.

214 1797 313 1874 Quare
332 1799 468 1855 subditus
490 1819 559 1856 cum
584 1801 636 1856 tali
657 1802 777 1857 licentia
790 1820 927 1874 operam,
944 1821 978 1858 ex
992 1803 1050 1859 alio
1064 1801 1184 1860 fortasse
1197 1803 1293 1876 capite

210 1884 338 1940 sednon
354 1895 386 1938 ut
396 1883 512 1938 violans
522 1886 704 1954 paupertatis
717 1899 820 1940 votum
837 1887 919 1956 argui
935 1899 1039 1958 potest.

206 2032 210 2037 .
247 1980 273 2036 3.
288 1962 318 2019 Si
333 1963 431 2018 licent
412 1974 452 2017 tta
465 1976 509 2018 est
524 1963 635 2036 injusta
648 1983 683 2020 ex
677 1966 765 2050 pari
766 1983 780 2022 e
792 1961 918 2042 objecti:

245 2049 272 2106 a)
286 2039 368 2100 Vel
355 2039 450 2120 cujusl
450 2060 469 2099 a
484 2043 580 2114 agitur
591 2041 813 2120 ucqtrt'sttmtV
828 2063 870 2116 gr.
888 2056 932 2100 est
945 2045 1065 2100 licentia
1079 2046 1115 2100 ad
1130 2043 1299 2112 furandum,

211 2129 257 2183 vel
272 2127 489 2199 acceptandum
504 2129 542 2182 ab
557 2127 657 2200 aliquo
673 2129 723 2199 qui
744 2129 814 2183 dare
827 2129 948 2200 nequit:
970 2145 1005 2182 ex
1019 2128 1167 2184 sententia
1203 2138 1300 2197 uare2‚

211 2221 246 2268 tr.
258 2227 284 2284 7,
297 2210 316 2266 1.
328 2213 354 2280 8,
370 2229 395 2267 c.
411 2225 452 2278 11,
468 2229 498 2266 n.
513 2225 555 2284 15,
571 2223 599 2266 et
619 2210 761 2282 plurium,
789 2212 908 2267 licentia
931 2212 997 2279 ista,
1023 2229 1092 2266 cum
1116 2212 1172 2266 hoc
1195 2207 1302 2266 efficiat

211 2305 244 2351 ut
262 2314 322 2351 non
334 2296 399 2370 jam
413 2297 554 2352 arbitratu
574 2313 628 2351 suo
644 2297 711 2368 quis
730 2309 809 2369 agat,
826 2297 950 2368 impedit
963 2296 1068 2351 vitium
1094 2295 1300 2369 proprietatis:

211 2381 289 2474 quod
302 2381 352 2436 alii
375 2390 487 2452 negant
488 2394 671 2474 a‚rguentes
691 2399 727 2437 ex
750 2382 916 2438 invaliditat
906 2392 934 2437 te
947 2381 1014 2438 talis
1037 2382 1182 2438 licentiae.
1206 2377 1301 2437 Nobis

212 2465 305 2521 verior
318 2466 433 2520 videtur
447 2465 595 2520 sententia
608 2463 750 2522 Suarezii.

244 2549 342 2624 blVel
365 2549 463 2620 agitur
486 2545 571 2606 atala
595 2545 748 2607 attenuatio.
773 2549 811 2607 V.
836 2568 878 2622 gr.
904 2563 947 2606 est
937 2550 1085 2606 licentra
1098 2550 1216 2606 daaad
1230 2569 1301 2608 usus

208 2651 312 2703 vanos,
337 2646 446 2705 turpes,
471 2634 516 2688 vel
540 2634 578 2689 ad
601 2632 753 2706 superflua
773 2636 910 2692 emenda
936 2633 995 2692 Alii
1017 2645 1098 2702 tunc,
1122 2646 1153 2688 ut
1166 2632 1301 2690 Sanchez

208 2714 242 2776 in
263 2678 334 2776 Dic.
359 2718 378 2774 l.
401 2733 427 2790 7,
451 2735 477 2772 c.
504 2732 546 2790 19,
571 2735 601 2774 n.
629 2735 673 2787 ar,
696 2731 806 2790 negant
820 2720 898 2775 hanc
913 2719 1063 2774 licentiam
1078 2719 1185 2774 valere.
1201 2717 1301 2792 Quare

208 2801 304 2858 facere
325 2814 428 2858 eontra
450 2813 553 2858 votum
577 2803 751 2877 religiosum
775 2805 826 2876 qui
850 2804 901 2859 tali
917 2815 1048 2859 uteretur
1062 2803 1190 2871 licentia,
1206 2802 1299 2858 alium

208 2898 307 2940 autem
322 2885 372 2958 qui
392 2903 455 2941 rem
469 2882 631 2958 accepisset
655 2891 748 2943 teneri
771 2889 952 2960 obligatione
965 2887 1167 2943 restitutionis.
1184 2886 1299 2942 Praela-

1294 1851 1303 1880 2

208 2983 272 3028 tum
287 2971 366 3024 enim
380 2971 688 3026 nonessedominum
702 2974 753 3029 sed
764 2990 881 3028 merum
895 2972 1165 3026 administratorem
1179 2971 1216 3024 ad
1229 2986 1300 3025 usus

207 3052 358 3107 honestos,
372 3051 457 3126 Quae
469 3053 617 3109 sententia
632 3057 730 3128 magis
741 3054 1044 3127 placetS.Alplt0ns0,
1060 3054 1079 3109 l.
1094 3053 1193 3126 4(j)n.
1201 3068 1245 3124 30.
1252 3067 1297 3124 31.

244 3135 304 3190 Alii
325 3153 394 3190 cum
420 3135 454 3192 C.
479 3137 515 3212 de
538 3136 634 3208 Lugo,
660 3140 687 3194 d.
715 3155 742 3210 3,
758 3157 788 3194 n.
807 3139 857 3210 136
870 3155 925 3210 sq.‚
942 3151 1043 3192 tenent
1056 3136 1206 3191 licentiam
1221 3139 1299 3192 hanc

112 3241 115 3244 ·
206 3218 305 3274 valide
323 3219 397 3275 dari.
417 3219 557 3296 Quandiu
580 3225 660 3278 enim
680 3222 834 3278 Praelatus
849 3235 918 3293 agat
938 3223 1013 3277 intra
1029 3219 1105 3276 fines
1124 3219 1297 3276 facultatum

206 3319 339 3370 suarum,
356 3315 503 3373 censetur,
524 3306 565 3361 sic
580 3307 692 3373 dicunt,
711 3307 806 3361 valide
821 3305 934 3377 operari
949 3305 1095 3375 (quamvis
1108 3321 1168 3358 non
1182 3320 1299 3374 semper

207 3384 296 3460 licite)
319 3387 376 3442 nisi
398 3387 519 3444 nullitas
542 3390 773 3446 demonstretur.
799 3390 890 3446 Porro
913 3391 1064 3444 incassum
1089 3399 1201 3454 (contra
1221 3390 1296 3456 liat,

205 3482 227 3528 t.
245 3486 269 3540 1,
285 3487 313 3543 p.
329 3473 392 3545 255)
414 3473 497 3529 citari
524 3473 606 3530 Trid.
634 3492 657 3532 s.
686 3489 731 3548 25,
746 3472 794 3532 De
814 3469 935 3550 Regali..
956 3484 1048 3542 c.21,
1062 3472 1147 3528 facile
1170 3474 1298 3529 ostendit

205 3553 240 3610 C.
254 3555 291 3610 de
305 3554 402 3628 Lug0‚
418 3558 436 3612 l.
454 3575 479 3612 c.
494 3575 525 3614 n.
543 3559 604 3630 133.
630 3557 718 3634 Quod
742 3560 858 3615 videtur
878 3559 985 3614 verius.
1011 3556 1111 3632 Quare
1132 3557 1214 3612 locus
1235 3575 1296 3614 non

205 3646 249 3693 est
264 3639 453 3706 restitutioni,
479 3658 534 3696 nec
557 3642 715 3712 religiosus
735 3644 903 3699 committet
921 3643 1026 3698 vitium
1049 3643 1234 3714 proprietatis
1245 3652 1298 3700 aut

205 3739 317 3794 poenas
330 3723 390 3778 luet
404 3724 531 3794 religiosi
546 3727 741 3798 proprietarii.
757 3727 880 3796 Sauch.,
896 3729 914 3783 l.
929 3745 955 3782 c.
972 3746 1003 3782 n.
1017 3743 1062 3800 25.

242 3804 308 3877 lpse
321 3806 354 3863 C.
369 3808 406 3863 de
417 3807 514 3880 Lugo,
529 3827 559 3866 n.
577 3826 699 3884 139·143
715 3823 853 3867 autumat
871 3829 931 3866 non
952 3829 1015 3867 esse
1034 3807 1246 3887 obtestationem
1265 3813 1296 3869 in

206 3887 341 3945 Praelato
354 3892 435 3969 qui
423 3890 590 3951 &curtalem
608 3897 658 3950 dat
679 3896 830 3952 licentiam
846 3897 956 3970 aliquid
976 3899 1014 3953 ad
1032 3857 1194 3970 quemlibet
1208 3915 1295 3954 usum

205 3975 400 4044 expendendi,
418 3990 450 4032 ut
464 3980 592 4052 excipiat
608 3997 681 4036 usus
692 3981 763 4037 istos
778 3983 960 4038 inhonestos.
977 3981 1085 4056 Quare,
1100 4001 1136 4038 ex
1149 3983 1297 4058 adjunctis

206 4057 431 4132 dijudicandum
447 4063 501 4117 erit
522 4076 622 4119 utrum
645 4064 801 4138 religiosus
819 4067 879 4139 qui,
903 4068 953 4122 tali
972 4065 1062 4123 fretus
1077 4068 1204 4135 licentia,
1218 4064 1296 4123 male

206 4143 387 4214 expenderit,
412 4145 541 4202 invalide
566 4165 604 4203 an
632 4160 695 4204 tan
686 4163 749 4205 um
775 4152 875 4206 illicite
896 4152 996 4224 egerit,
1022 4151 1203 4224 proindeque
1224 4153 1294 4208 reci·

206 4227 321 4300 pientes
334 4239 493 4285 teneantur
507 4249 603 4288 necne
617 4235 815 4291 restitutione.
832 4233 986 4310 Quantum
1001 4249 1151 4308 praeterea
1163 4237 1201 4292 sit
1213 4237 1295 4293 resti·

232 4429 240 4462 ¹
257 4429 319 4476 Hoc
330 4429 421 4488 capite
432 4430 587 4479 excluditur
597 4433 746 4502 peculium.
761 4434 816 4482 Cir.
830 4434 909 4483 inira.

1378 1065 1517 1116 Delicenlia

1360 1124 1459 1172 indebite

1358 1181 1424 1238 data,

1386 1294 1428 1342 Ex
1441 1295 1466 1340 vi
1476 1298 1496 1339 et

1356 1356 1426 1400 metu.

1358 1569 1400 1638 Ex
1414 1573 1515 1618 auctore.

1355 1989 1397 2036 Ex
1408 1989 1502 2048 objecto.
