3148 5004
346 404 386 468 96
643 427 710 464 nans
727 427 850 475 QUARTA.
867 425 963 463 snorio
980 431 1001 463 1.
1018 425 1109 464 etrus
1123 426 1143 463 11

351 562 423 626 sive
447 581 489 625 ex
511 561 683 647 principiis
706 581 808 646 supra
832 561 977 628 traditis.
1002 561 1135 644 quibus,
1152 581 1185 624 v,
1203 579 1256 642 gr.
1273 559 1374 624 modo
1392 559 1438 622 sis

349 645 501 722 idoneus,
527 651 734 728 anteponere
751 644 859 728 possis
877 645 1084 727 Religionem
1100 663 1186 725 quae
1199 642 1438 726 spiritualibus

352 728 443 792 curis
458 727 626 792 addicitur
642 729 697 791 alii
712 747 798 810 quae
816 737 976 791 versatur
991 728 1035 791 im
1051 727 1308 808 temporalibus.

389 811 423 889 b)
447 810 499 873 Ob
524 810 666 874 similem
695 831 834 874 causam
860 819 1062 874 convertere
1083 819 1196 893 potest
1218 817 1336 872 votum
1358 827 1437 870 mm

347 893 546 976 ingrediendi
574 893 785 975 Religionem
801 895 1021 968 strictiorem,
1040 893 1072 956 in
1095 898 1212 956 votum
1228 890 1436 976 ingrediendi

350 977 461 1039 minus
477 977 631 1040 strictam
649 997 690 1040 ac
706 977 804 1040 simul
822 978 854 1040 in
871 997 912 1039 ea
928 974 1161 1059 permanendi.

398 1061 430 1137 c)
446 1059 570 1122 Peccat
592 1079 653 1141 per
674 1079 721 1130 se,
739 1058 957 1141 ingrediendo
973 1059 1132 1122 Ordinem
1154 1056 1257 1122 minus
1271 1055 1435 1118 strictum:

354 1140 418 1204 nisi
444 1143 628 1205 accesserit
650 1142 856 1224 dispensatio
882 1144 995 1224 Papae
1018 1148 1078 1205 aut
1099 1139 1269 1224 Episcopi,
1297 1140 1350 1202 vel
1372 1137 1435 1200 nisi

356 1223 448 1286 Ordo
468 1223 626 1296 habuerit
648 1225 859 1307 privilegium
876 1224 1057 1308 recipiendi
1080 1225 1177 1302 tales,
1201 1223 1249 1288 ita
1275 1230 1313 1285 ut
1335 1220 1436 1284 tacite

349 1306 588 1388 dispensentur
604 1329 624 1370 a
639 1317 721 1370 voto
737 1307 922 1389 Religionis
939 1307 1133 1371 strictioris.

389 1388 498 1452 Tenet
511 1397 624 1453 tamen
630 1388 783 1472 professio
800 1391 833 1453 in
850 1391 975 1454 Ordine
991 1390 1102 1452 minus
1115 1389 1245 1462 stricto,
1259 1392 1292 1448 et
1329 1384 1435 1446 roles-

261 1522 265 1526 .
348 1490 422 1534 sum
446 1472 559 1555 priore
581 1473 673 1535 levat
697 1484 790 1551 v0t0,
815 1477 934 1538 saltem
959 1493 1001 1536 ex
1029 1473 1099 1535 'ure
1121 1469 1277 1556 positivo.
1303 1405 1341 1530 ἓ.
1367 1466 1433 1549 Qui

347 1561 434 1636 post,
463 1573 492 1632 5,
516 1556 565 1617 De
586 1554 701 1638 Regul.
725 1555 757 1618 in
781 1561 826 1620 6⁰.
852 1556 922 1622 Ol.
948 1556 984 1622 S.
1032 1556 1067 1620 h.
1092 1555 1114 1618 l.
1139 1574 1169 1632 c.
1193 1561 1258 1616 art.
1281 1556 1300 1614 8
1323 1549 1365 1612 ad
1392 1569 1433 1629 33

347 1637 517 1715 Palmieri,
535 1641 555 1701 l.
575 1658 605 1701 c.
621 1659 655 1700 n.
673 1659 744 1717 232.

388 1721 421 1798 d)
445 1720 480 1781 Si
503 1741 523 1781 a
546 1720 785 1802 Superioribus
808 1719 905 1784 istius
933 1719 1080 1792 Ordinis,
1110 1725 1272 1798 tanquam
1299 1713 1435 1778 minime

346 1801 389 1863 ad
416 1800 575 1866 Ordinem
598 1813 698 1885 aptus
722 1805 886 1886 rejicitur.
913 1805 993 1888 ipsis
1017 1801 1154 1866 credere
1161 1805 1216 1882 per
1227 1819 1259 1860 se
1273 1805 1384 1879 potest
1400 1802 1434 1888 et

346 1903 383 1946 se
399 1891 561 1966 tanquam
572 1885 754 1949 immunem
777 1888 982 1951 existimare.
999 1887 1036 1949 Si
1051 1904 1133 1947 vero
1141 1884 1236 1965 justa
1250 1883 1294 1943 sit
1310 1897 1433 1942 erroris

347 1969 495 2048 suspicio
508 1983 553 2044 et,
564 1988 641 2033 cum
657 1989 715 2052 spe
728 1970 903 2052 probabili,
919 1970 974 2033 alii
989 1966 1291 2052 praelatiejusdem
1301 1961 1435 2055 Ordinis

347 2049 433 2112 adiri
454 2051 551 2115 l‘acile
575 2052 718 2134 possint,
744 2055 846 2115 semel
862 2063 897 2116 et
913 2053 1048 2129 iterum,
1065 2070 1133 2112 non
1156 2058 1271 2111 tamen
1287 2063 1433 2127 saepius,

347 2153 419 2195 rein
435 2140 567 2198 tentare
584 2135 730 2198 debebit.
748 2134 869 2214 Facile,
888 2155 1025 2217 inquam
1040 2155 1048 2197 t
1066 2152 1171 2214 quare
1187 2148 1351 2211 quaerere
1367 2145 1435 2218 non

348 2218 480 2296 cogitur
503 2227 600 2280 extra
615 2218 698 2281 fines
723 2219 879 2302 propriae
895 2220 1006 2302 gentis
1023 2217 1076 2278 vel
1091 2217 1175 2277 adeo
1196 2209 1392 2302 provinciae
1407 2228 1435 2270 si

346 2301 455 2361 altera
481 2301 631 2363 moribus
658 2301 756 2364 nimis
784 2302 964 2385 discrepet.
994 2301 1083 2365 Voto
1106 2298 1193 2360 enim
1217 2297 1265 2358 ita
1287 2294 1435 2384 obstrin-

346 2380 449 2460 gitur,
473 2390 510 2444 ut
533 2391 685 2465 praestet
707 2384 797 2447 illam
821 2384 1027 2466 diligentiam
1055 2400 1141 2463 quae
1167 2400 1187 2442 a
1213 2375 1435 2460 prudentibus

349 2463 498 2526 adbiberi
516 2465 616 2527 solita
630 2475 694 2528 est.

135 2580 218 2626 Votum
238 2579 291 2627 reli·-
391 2559 477 2623 161.
494 2559 558 2641 Qui
575 2563 708 2622 voverit
723 2559 917 2643 Religionem
932 2562 966 2624 in
982 2561 1172 2624 universum:

130 2640 210 2706 gnie
222 2641 247 2686 θ’
386 2643 420 2718 a)
437 2641 544 2703 Licite
557 2641 744 2723 ingreditur
756 2646 1056 2724 congregationem
1068 2643 1124 2705 ubi
1141 2640 1207 2703 tria
1218 2643 1299 2700 vota
1316 2654 1434 2717 perpe-

131 2711 271 2746 '‘⁷”'²‘'⁵²‘m·
346 2726 417 2799 tua,
431 2724 495 2786 etsi
510 2724 673 2806 simplicia
689 2725 903 2790 emittuntur.
920 2726 1088 2803 Palmieri,
1106 2727 1128 2788 l.
1146 2744 1175 2786 c.
1194 2742 1216 2783 n
1246 2742 1317 2800 229·
1410 2800 1416 2811 ι

388 2805 422 2884 b)
438 2806 572 2886 Eligere
590 2828 657 2871 non
675 2816 787 2890 potest
803 2810 963 2873 Ordinem
995 2809 1028 2872 in
1056 2828 1122 2889 quo
1148 2807 1196 2869 ita
1225 2805 1374 2882 coilapsa
1389 2806 1435 2862 sit

346 2885 522 2967 disciplina
544 2898 581 2952 ut
605 2912 646 2953 ne
670 2892 803 2972 quidem
827 2892 901 2975 ipsa
926 2903 1006 2955 vota
1029 2888 1222 2954 essentialia
1244 2891 1281 2948 ut
1296 2903 1358 2966 par
1381 2888 1434 2944 est

346 2968 585 3035 observentur.
609 2975 684 3037 Non
711 2975 884 3040 videretur
907 2978 995 3038 enim
1020 2981 1147 3038 statum
1174 2967 1367 3047 religiosum
1395 2984 1432 3027 re

347 3056 529 3135 suscipere,
544 3063 578 3118 et
590 3076 626 3118 se
634 3057 797 3139 objiceret
808 3057 959 3141 periculo
973 3054 1295 3139 perversionis.Non
1305 3049 1430 3125 obstat,

345 3134 521 3199 sitantum
545 3139 742 3220 imperfecta
757 3143 800 3203 sit
823 3140 1009 3222 disciplina.
1029 3139 1099 3204 Clr.
1113 3134 1282 3210 Palmieri,
1299 3152 1333 3194 n.
1358 3151 1431 3224 331.

387 3223 418 3298 c)
434 3221 549 3301 Neque
565 3221 593 3283 is
616 3233 729 3285 tamen
745 3243 805 3306 per
821 3243 857 3284 se
873 3225 1042 3306 putandus
1059 3227 1110 3284 est
1126 3215 1430 3304 extraordinariam

344 3302 538 3383 promisisse
554 3304 771 3386 diligentiam.
790 3307 903 3390 Quare
928 3308 981 3370 cui
1004 3304 1131 3388 petenti
1153 3308 1297 3381 negatur
1318 3297 1430 3358 aditus

344 3386 534 3464 aliquorum
550 3387 725 3467 Ordinum,
750 3390 792 3451 ad
807 3409 891 3469 quos
914 3410 989 3454 sese
1016 3387 1230 3451 existimabat
1256 3381 1338 3443 satis
1362 3377 1430 3440 ido·

344 3485 456 3544 neum,
484 3489 551 3531 nori
577 3480 629 3532 est
656 3472 894 3552 imponendum
921 3492 1007 3535 onus
1034 3467 1214 3552 quaerendi
1237 3465 1333 3527 alios.
1358 3460 1429 3524 Cl.

344 3548 514 3629 Palmieri,
532 3555 555 3613 l.
570 3571 599 3614 c.
617 3573 650 3615 n.
668 3560 740 3617 228.
1344 3625 1350 3635 ,
1421 3620 1427 3632 ,

128 3650 180 3711 Qua
197 3653 293 3718 rarione
390 3633 475 3697 162.
497 3656 523 3697 1.
543 3633 682 3698 Summo
698 3638 853 3701 Pontifici
869 3644 1068 3701 reservatur
1083 3642 1201 3699 votum
1223 3622 1430 3715 ingrediendi

127 3714 204 3812 vitium
225 3709 289 3755 “lud
322 3763 324 3766 .
345 3713 554 3794 Religionem
572 3736 686 3797 presse
703 3723 816 3797 talem,
834 3721 905 3784 sive
921 3723 1066 3803 aliquam
1083 3722 1115 3784 in
1133 3717 1340 3788 universum,
1358 3724 1429 3768 slve

127 3781 289 3874 ζᾸΜξῑξζέῗὲ
344 3815 446 3857 unam
468 3798 539 3879 jani
566 3799 751 3866 definitam.
778 3804 847 3866 Nec
874 3806 1057 3885 requiritur
1084 3810 1121 3866 ut
1143 3799 1309 3884 promissa
1330 3788 1430 3854 simul

343 3878 444 3940 fuerit
460 3885 726 3961 perseverantia.

385 3983 416 4024 2.
430 3962 630 4027 Reservatio
642 3972 756 4029 tamen
773 3967 807 4029 in
821 3968 1024 4033 substantiam
1037 3969 1126 4033 cadit
1141 3964 1253 4030 nonin
1271 3959 1430 4046 adjuncta

341 4045 424 4137 voti,
451 4055 638 4127 votumque
661 4050 764 4112 afficit
791 4049 926 4114 absolute
954 4053 1093 4128 lactum,
1121 4071 1188 4112 non
1211 4045 1300 4128 quod
1317 4037 1430 4105 condi-

340 4145 437 4190 cione
452 4149 567 4211 presse
584 4131 642 4192 tali
668 4151 728 4194 seu
754 4134 795 4194 de
811 4142 927 4197 tuturo
944 4137 988 4198 sit
1014 4142 1238 4217 temperatum
1260 4125 1314 4189 vel
1337 4136 1430 4185 mere

340 4216 493 4292 poenale.

382 4295 495 4375 Quare
519 4295 552 4357 in
575 4303 656 4358 voto
671 4296 842 4377 religionis
857 4299 1032 4381 strictioris,
1050 4319 1116 4382 qua
1132 4297 1220 4373 talis,
1238 4291 1428 4384 Episcopus

339 4379 431 4438 valet
443 4378 650 4459 dispensare,
660 4378 707 4439 ita
716 4393 753 4440 ut
762 4385 844 4444 satis
852 4385 924 4464 jam
936 4384 980 4445 sit
992 4381 1121 4465 ingredi
1134 4383 1243 4445 minus
1255 4383 1425 4439 strictam.
