3148 5004
343 456 361 518 ἓ
607 490 609 494 -
732 476 799 512 raas
815 475 911 512 parurn.
929 474 1020 510 curor
1034 476 1043 510 1

341 618 476 696 praeter
502 614 694 682 distinctam
730 615 895 677 rationem
928 620 1037 692 statar,
1075 614 1222 677 assecuti
1262 613 1425 676 fuerimus

341 695 418 774 quid
434 696 477 758 sit
499 697 655 778 perfectio,
673 698 750 778 quid
766 696 929 777 disciplina
952 699 1005 760 vel
1030 697 1207 760 exercitium
1232 695 1427 779 perveniendi

340 781 383 844 ad
398 782 624 863 perfectionem.

617 943 632 1032 1
666 959 696 1014 1.
727 934 848 1038 ,Quid
867 933 928 1014 sit
942 931 1151 1041 perfectio

131 1123 286 1168 carosianae
381 1119 417 1180 2.
436 1115 604 1177 Essentia
620 1116 836 1176 christianae
851 1114 1078 1190 perfectionis
1090 1113 1200 1194 posita
1216 1119 1267 1175 est
1284 1114 1316 1175 in
1333 1113 1418 1175 cari·

125 1180 273 1285 s}}{;‘,}2⁰'¹¹⁵
340 1204 410 1260 tate
433 1196 458 1258 ¹:
477 1197 508 1258 in
526 1197 656 1272 habitu,
671 1198 817 1276 inquam,
835 1214 902 1256 non
926 1204 1036 1256 tamen
1063 1196 1152 1256 nudo
1176 1197 1218 1256 ab
1246 1203 1336 1272 actu,
1361 1197 1418 1258 sed

340 1288 459 1342 contra
485 1280 650 1340 instructo
677 1278 808 1339 actibus
825 1277 890 1354 qui,
917 1296 982 1356 quo
1007 1277 1252 1354 frequentiores
1278 1285 1358 1340 sunt
1386 1286 1419 1340 et

339 1362 603 1436 excellentiores
622 1381 661 1436 eo
677 1361 794 1422 melius
811 1361 988 1421 absolvent
1008 1359 1222 1440 perfectionis
1240 1363 1424 1423 1111011101.Ι

123 1459 284 1527 Bersecaopo-
374 1469 526 1525 Probatur.
546 1485 570 1523 1.
584 1463 690 1524 Posito
703 1462 789 1523 estin
802 1462 937 1522 caritate.
954 1463 1092 1520 Etenim:

122 1524 232 1622 {Ji-,pii
258 1533 283 1564 ”¹
372 1552 401 1625 a)
425 1544 807 1626 SecondamScriptnrarn,
834 1542 868 1604 S.
892 1542 1002 1605 Mattio.
1028 1564 1073 1614 22,
1099 1547 1193 1621 36-40,
1219 1571 1232 1600 1
1255 1546 1290 1632 111
1307 1547 1424 1606 duobus

337 1635 486 1690 mandatis
505 1635 645 1706 diligendi
666 1634 764 1689 Deum
786 1644 815 1688 et
834 1633 1019 1704 proximum,
1041 1632 1179 1688 universa
1199 1633 1245 1689 lex
1265 1634 1373 1706 pendet
1392 1645 1423 1690 et

337 1722 507 1792 prophetae.
530 1742 543 1770 »
566 1714 688 1786 Pendet,
705 1719 724 1774 i.
743 1736 769 1774 e.
789 1719 819 1772 in
842 1718 888 1774 his
911 1727 1057 1789 tanquam
1077 1719 1108 1772 in
1124 1735 1245 1774 summa
1265 1719 1360 1790 posita
1379 1729 1423 1776 est

336 1814 398 1861 tota
422 1815 544 1877 quanta,
573 1803 828 1876 quemadmodum
856 1800 1015 1858 confirmat
1039 1802 1200 1874 Apostolus
1227 1803 1358 1860 scribens
1384 1799 1426 1860 ad

336 1885 426 1946 Rom.
444 1905 486 1961 13,
505 1904 546 1955 10,
564 1911 577 1938 «
593 1886 749 1943 Plenitudo
763 1887 836 1958 legis
847 1897 891 1942 est
900 1886 1026 1955 dilectio,
1046 1908 1058 1936 »
1075 1897 1103 1942 11
1116 1883 1159 1944 ad
1181 1881 1318 1952 Galatas,
1334 1901 1360 1960 5,
1378 1903 1420 1961 14,

338 1994 351 2023 e
368 1970 475 2028 Omnis
488 1971 569 2026 enim
591 1971 637 2026 lex
653 1971 682 2025 in
697 1986 756 2024 uno
770 1987 908 2024 sermone
923 1969 1064 2041 impletur
1080 1989 1087 2025 :
1115 1968 1228 2038 Diliges
1252 1971 1420 2042 proximum

336 2063 422 2111 tuum
436 2054 511 2110 sicut
530 2055 668 2125 teipsum.
685 2075 698 2102 »
719 2051 787 2125 Jam
802 2070 880 2120 vera,
897 2053 921 2106 si
941 2070 992 2124 per
1006 2053 1102 2125 legem
1118 2052 1254 2124 dirigitur
1276 2053 1367 2108 homo
1384 2053 1422 2108 ad

336 2140 476 2195 ultimum
491 2137 583 2194 finem
594 2149 614 2207 ²,
630 2138 654 2192 si
666 2138 703 2192 ad
721 2137 957 2208 legempertinet
976 2134 1077 2192 facere
1100 2137 1257 2194 hominem
1272 2136 1384 2192 bonum
1400 2145 1421 2203 ³,

337 2215 399 2278 fieri
422 2239 540 2295 prorsus
562 2221 665 2292 nequit
688 2230 720 2277 ut
739 2221 960 2276 consummatio
980 2219 1053 2290 legis
1074 2219 1204 2290 divinae,
1228 2219 1422 2276 ordinationis

270 2298 272 2302 ’
336 2306 401 2362 dico
428 2306 546 2361 divinae
568 2305 741 2376 sapientiae,
762 2322 821 2361 non
846 2306 884 2360 sit
903 2304 1053 2376 ipsissima
1064 2302 1204 2375 perfectio
1224 2304 1356 2359 hominis
1375 2303 1423 2359 cui

336 2389 508 2461 imponitur.
524 2387 613 2463 Quid,
629 2391 708 2462 quod
729 2391 807 2445 idem
823 2387 982 2460 Apostolus
999 2403 1022 2457 1,
1040 2385 1080 2444 ad
1104 2383 1289 2457 Corinthios
1315 2405 1357 2457 12,
1372 2403 1421 2460 313

338 2488 380 2544 13,
400 2489 441 2544 13,
454 2471 533 2526 viam
548 2473 677 2528 caritatis
690 2472 796 2528 ceteris
808 2471 989 2526 demonstrat
1004 2471 1257 2528 excellentiorem.

372 2557 401 2629 1))
416 2553 545 2615 Ratione
558 2557 587 2612 id
610 2575 670 2612 non
685 2557 785 2612 minus
798 2556 986 2627 perspicuum
1001 2566 1055 2612 est.
1079 2555 1110 2612 Si
1130 2556 1210 2611 enirn
1232 2556 1304 2611 illud
1317 2556 1423 2610 dicitur

336 2640 498 2713 perfectum
512 2642 560 2696 cui
574 2641 647 2696 1111111
661 2641 753 2708 deest,
769 2640 809 2694 1111
824 2651 926 2694 autem
940 2635 1030 2714 cujus
1040 2637 1170 2711 perfecta
1181 2639 1246 2714 jam
1258 2650 1302 2694 est
1316 2649 1422 2694 natura

336 2741 415 2779 unus
438 2724 540 2780 deesse
565 2735 661 2796 potest
687 2722 775 2780 finis:
803 2723 865 2778 sive
889 2724 914 2778 is
944 2724 996 2796 qui
1025 2735 1174 2794 congruat
1200 2734 1333 2792 naturae,
1360 2722 1421 2778 sive

336 2810 431 2881 potior·
445 2809 493 2865 ille
507 2827 596 2881 quern
612 2810 755 2866 addiderit
769 2808 894 2881 positiva
911 2808 1081 2864 Conditoris
1095 2810 1234 2864 voluntas
1248 2819 1277 2864 et
1296 2807 1423 2878 gratuita

336 2893 505 2962 liberalitas
520 2892 605 2949 facile
619 2905 741 2966 apparet
754 2893 784 2948 in
801 2892 932 2948 hominis
947 2893 1158 2966 conjunctione
1180 2911 1249 2948 cum
1271 2891 1347 2960 Deo,
1363 2889 1441 2946 fine

336 2995 400 3046 suo,
408 2977 553 3032 contineri
568 2977 699 3033 hominis
709 2975 931 3049 perfectionem.
947 2974 988 3032 Ut
998 2988 1099 3030 autem
1113 2976 1184 3031 ordo
1199 2993 1339 3048 praesens
1353 2991 1423 3031 con·

336 3060 475 3128 stituitur,
502 3060 674 3134 conjunctio
700 3060 831 3115 hominis
859 3077 928 3114 cum
949 3058 1014 3114 Deo
1040 3060 1165 3116 habetur
1185 3079 1236 3132 per
1257 3061 1422 3117 caritatem.

338 3168 352 3195 «
367 3143 449 3199 Deus
461 3144 567 3199 caritas
589 3155 651 3200 est:
675 3156 703 3199 et
725 3144 776 3217 qui
791 3153 893 3199 manet
916 3143 946 3199 in
970 3145 1101 3212 caritate,
1128 3146 1158 3200 in
1184 3144 1249 3202 Deo
1270 3156 1372 3201 manet
1395 3154 1424 3200 et

336 3229 419 3286 Deus
439 3228 471 3307 in?
484 3246 530 3284 eo.
548 3251 561 3278 »
577 3226 621 3283 Ira
636 3245 649 3284 1
664 3223 763 3298 Epist.
780 3222 811 3284 S.
826 3225 971 3308 Joannis,
988 3246 1016 3302 4,
1033 3245 1076 3286 12.

138 3338 168 3384 ln
181 3338 282 3382 carrina
371 3331 398 3371 a.
412 3310 519 3372 Posito
531 3310 617 3370 estin
630 3308 734 3370 tabita
747 3311 890 3372 instructo
903 3317 1025 3372 acerram
1031 3310 1217 3392 freqzeeatia.

122 3403 228 3442 acrnoso.
372 3397 449 3454 Cum
472 3397 553 3452 enim
572 3398 671 3452 omnis
693 3399 812 3454 habitus
836 3400 874 3454 sit
898 3411 1016 3471 propter
1036 3413 1130 3468 actuS,
1155 3409 1277 3454 actuosa
1302 3406 1419 3453 tantum

336 3482 457 3538 caritate
467 3494 641 3555 assequetur
651 3484 742 3539 homo
753 3485 893 3540 ultimum
905 3501 993 3538 suum
1004 3484 1275 3555 complementum:
1287 3481 1375 3553 idque
1385 3500 1420 3537 eo

342 3569 458 3641 plenius
473 3588 533 3643 quo
544 3570 651 3626 melius
666 3582 694 3626 et
706 3572 897 3628 excellentius
906 3571 1021 3626 actibus
1033 3571 1096 3643 ipsa
1111 3569 1294 3625 exercebitur
1304 3570 1419 3625 caritas

152 3683 188 3728 De
210 3684 281 3748 aeria
380 3668 403 3729 3
433 3666 509 3728 Una
521 3665 629 3727 virtus
643 3668 795 3729 caritatis
812 3668 914 3730 habet
930 3668 1094 3748 duplicem
1108 3686 1205 3728 usum
1220 3685 1281 3747 pro
1296 3665 1419 3748 duplici

122 3740 282 3855 iiim,
337 3748 409 3829 ejus
425 3748 583 3809 termino:
613 3749 784 3829 primaria,
803 3750 857 3828 qui
880 3750 966 3810 Dens
989 3757 1051 3826 est,
1078 3765 1110 3810 et
1133 3749 1345 3827 secundaria,
1364 3749 1419 3828 qui

121 3859 191 3900 rann
221 3869 283 3900 αη-
338 3841 388 3891 est
397 3830 560 3910 protinas
575 3847 712 3912 propter
728 3834 836 3893 Deum
853 3833 994 3894 dilectus
1013 3833 1037 3892 ⁴,
1079 3893 1082 3898 Δ

119 3915 235 4014 (11151011
243 3927 281 3958 cn-
384 3935 409 3975 t.
427 3911 475 3972 De
489 3914 702 3974 exercitatione
716 3914 797 3993 qnod
812 3915 854 3974 ad
869 3916 1032 3975 terminant
1043 3912 1242 3993 pn'niarirnn,
1263 3914 1378 3975 Denta.

120 3985 215 4086 mdiii
250 4025 282 4073 ,d
379 3995 491 4056 Homo
515 3996 555 4056 de
578 4016 643 4075 quo
671 3995 868 4075 inquirimus
883 4005 935 4058 est
957 3997 1060 4058 homo
1077 3996 1197 4073 viator,
1223 3995 1279 4076 qui
1302 3995 1417 4074 nequit

119 4085 204 4131 Doro·
338 4077 463 4138 habere
486 4085 598 4139 actum
627 4089 837 4158 perpetuum.
866 4079 974 4161 Quam
996 4080 1038 4140 ob
1062 4099 1144 4154 rem,
1168 4079 1270 4140 etiam
1299 4079 1416 4138 relicta

338 4160 480 4221 caritate
508 4160 660 4222 increata
678 4181 744 4240 qua
766 4163 858 4223 Deus
881 4182 916 4223 ss
933 4161 1038 4242 diligit
1061 4169 1224 4242 quantum
1240 4167 1291 4222 est
1307 4159 1411 4240 diligi-

354 4371 404 4416 vla.
418 4386 440 4421 2,
453 4382 481 4426 qr
494 4375 542 4423 184,
556 4373 605 4414 art.
622 4385 640 4414 1.
654 4381 678 4415 c.
691 4371 739 4404 —2
752 4386 770 4414 r.
784 4387 806 4422 2,
824 4380 850 4428 q.
870 4386 908 4426 92,
925 4373 975 4416 art.
991 4386 1011 4416 1.
1025 4369 1107 4415 -31,
1121 4386 1143 4422 2,
1157 4382 1182 4427 q.
1198 4384 1236 4424 qr,
1255 4370 1340 4422 art.4.
1353 4379 1377 4412 1.
1391 4392 1419 4400 -

336 4429 369 4476 ¹¹2
392 4445 413 4483 2,
427 4441 452 4486 q.
467 4434 503 4479 25,
515 4437 566 4473 art.
582 4440 605 4483 r;
619 4441 637 4486 q
658 4446 695 4483 44,
708 4435 759 4474 art.
774 4445 796 4475 2.
810 4441 834 4474 c.
