3142 5004
333 482 392 550 lbffil
620 502 688 545 unas
703 508 824 556 quam.
842 507 937 542 suerro
952 507 991 542 111.
1009 505 1100 542 catur
1114 479 1134 542 rr

331 643 353 706 l.
368 661 398 704 c.
415 663 456 704 ex
471 648 552 704 voto
569 648 602 705 et
624 649 725 725 pacto
742 661 816 704 cum
834 641 1006 721 religione,
1024 643 1102 704 huic
1118 641 1290 724 professus
1303 645 1419 724 acqui-

331 745 406 788 rere
422 730 578 801 tenetur;
608 733 641 787 et
663 726 748 794 ideo,
767 726 793 784 si
809 744 906 785 suurn
930 724 1010 786 illud
1032 725 1159 801 fecerit,
1183 723 1291 788 saltem
1314 727 1420 790 violat

330 806 547 890 obligationem
555 807 717 888 justitiae.
729 807 762 869 Si
777 816 889 869 tamen
902 807 1025 886 aliquid
1035 807 1142 869 datum
1149 805 1249 888 suerit
1261 808 1419 888 religioso

330 910 370 952 ea
387 897 459 970 lege
482 899 519 951 ut
536 891 741 952 monasterio
761 909 827 950 non
844 889 1052 968 acquiratur,
1071 891 1247 969 religiosus
1263 889 1327 954 sibi
1343 911 1415 954 rem

329 977 498 1052 usurpans
532 973 652 1034 vitium
689 972 893 1034 commiserit
931 971 1159 1054 proprietatis,
1195 993 1263 1034 non
1299 983 1415 1036 tamen

330 1055 524 1137 injustitiae.
542 1055 708 1130 Sanchez,
726 1057 748 1117 l.
762 1074 792 1116 c.
809 1074 838 1116 c.
857 1076 907 1129 20,
921 1075 940 1114 n
969 1061 987 1113 8
1002 1075 1009 1130 ;
1028 1056 1195 1132 Palnrieri,
1210 1057 1231 1116 l.
1247 1076 1276 1119 c.
1292 1077 1325 1118 n.
1344 1078 1413 1120 112.

129 1145 275 1214 Materiam
370 1139 459 1202 254.
476 1137 612 1200 Materia
623 1143 738 1198 remota
750 1137 819 1198 voti
834 1137 1042 1217 paupertatis
1059 1145 1110 1198 est
1128 1135 1239 1198 bouum
1254 1137 1416 1220 temporale

114 1207 187 1306 {222}
203 1203 274 1250 Μ’
329 1219 351 1282 i.
375 1240 405 1282 e.
430 1241 483 1282 res
507 1218 691 1300 temporalis,
717 1227 851 1292 externa,
870 1219 970 1298 pretio
994 1219 1205 1282 aestimabilis,
1230 1222 1305 1282 Non
1331 1241 1413 1302 ergo

186 1298 190 1308 '
328 1301 435 1379 honor,
446 1302 557 1383 samm
574 1323 635 1363 nee
650 1303 764 1364 Missae
775 1301 948 1382 applicatio,
965 1322 1026 1363 nec
1042 1301 1190 1382 reliquiae
1203 1303 1265 1364 nisi
1281 1305 1413 1366 ratione

328 1385 534 1465 reliquiarii;
559 1403 678 1464 neque,
696 1387 815 1446 saltem
838 1405 879 1446 ex
901 1385 1154 1461 consuetudine,
1181 1387 1407 1466 mariusarrpta3

328 1466 412 1528 bene
425 1476 537 1529 tamen
554 1465 659 1528 tabula
670 1469 741 1548 jam
750 1467 846 1546 pieta,
865 1469 919 1528 vel
932 1472 1004 1547 opus
1019 1473 1085 1528 arte
1093 1467 1229 1548 saelum.
1246 1469 1279 1530 Si
1290 1475 1407 1538 ,tamen

326 1550 370 1612 ab
383 1550 477 1612 initio
490 1550 704 1629 deputaveris
718 1569 802 1629 opus
819 1548 1006 1611 laciendum
1021 1559 1194 1628 extrane0,
1212 1551 1406 1631 praesertim

327 1631 355 1694 si
367 1633 394 1694 is
407 1633 584 1694 materiam
601 1632 876 1708 subministrarit,
892 1631 1039 1694 censeris
1056 1653 1185 1696 merum
1203 1631 1410 1715 praestitisse

326 1709 522 1794 obsequium
539 1736 545 1775 τ
564 1715 652 1794 quod
666 1733 731 1775 non
747 1723 912 1795 repugnat
927 1716 1131 1796 paupertati.

141 1824 247 1871 Materia
367 1809 455 1872 255.
469 1806 612 1886 Materia
621 1807 768 1888 proximu
784 1827 877 1882 ver0,
895 1810 991 1870 estin
1009 1808 1134 1888 primis,
1151 1829 1191 1870 ex
1207 1809 1411 1887 definitione,

107 1882 230 1940 proxima.
320 1890 492 1973 proprietas
508 1893 561 1952 vel
585 1894 704 1951 saltem
720 1911 792 1950 usus
806 1889 1008 1970 independens
1023 1912 1031 1953 ι
1050 1911 1116 1970 quo
1133 1913 1168 1953 re
1189 1893 1298 1953 utaris
1315 1893 1408 1970 quasi

320 1973 397 2054 jure
413 1979 484 2036 tuo,
502 1973 705 2034 Prohibetur
722 1973 809 2033 enirn
826 1973 1001 2052 religiosus
1017 1993 1081 2036 rem
1094 1980 1241 2054 tanquam
1250 1975 1411 2056 propriam

318 2054 483 2136 possidere,
500 2057 553 2116 vel
565 2075 597 2115 re
609 2061 755 2136 tauquam
767 2054 891 2134 propriu
906 2056 962 2118 uti.

365 2137 527 2201 Possidere
539 2143 685 2218 tanquam
692 2138 861 2218 propriam,
872 2145 923 2199 est
935 2158 996 2220 pro
1005 2159 1040 2200 se
1053 2158 1112 2200 seu
1126 2139 1260 2202 nomine
1276 2140 1410 2222 proprio

325 2219 386 2282 sibi
404 2222 570 2283 asciscere
583 2223 638 2302 jus
655 2221 687 2281 in
704 2222 792 2282 illam
810 2240 893 2282 rem.

370 2303 424 2366 Uti
435 2303 726 2384 tauquampropria,
741 2311 791 2364 est
807 2323 877 2364 rem
894 2303 1210 2381 tenerefadhibere,
1229 2301 1407 2368 absumere

325 2385 586 2467 independenter
603 2407 623 2447 a
645 2385 794 2465 legitima
816 2388 990 2447 facultate.
1010 2387 1099 2450 Usus
1123 2388 1326 2469 dependens,
1345 2388 1409 2448 sal-

325 2473 392 2529 tem
409 2488 522 2529 rerum
540 2487 625 2547 quae
643 2487 708 2528 non
725 2467 915 2548 superfluae
932 2477 1023 2545 sunt,
1042 2477 1122 2532 voto
1138 2491 1205 2532 non
1219 2471 1411 2551 respicitur.

131 2567 251 2636 ,Exempla
367 2563 456 2625 256.
491 2561 561 2622 Nisi
591 2580 672 2640 ergo
709 2562 820 2622 debita
849 2563 983 2623 licentia
1016 2564 1251 2642 honestantur,
1291 2564 1410 2625 vitium

108 2631 267 2741 {ssljffffspw
326 2642 541 2725 proprietatis
559 2644 734 2704 continent
750 2645 782 2706 hi
796 2651 916 2705 actus:
1105 2671 1107 2675 ·

208 2720 228 2743 ”
370 2748 398 2788 1.
428 2724 610 2805 Aequisitio.
645 2725 756 2786 Facie
787 2733 898 2789 tamen
930 2730 1097 2808 praesumi
1132 2734 1241 2810 potest
1270 2728 1406 2790 licentia

235 2850 241 2861 κ
326 2807 523 2889 acceptandi
538 2807 627 2887 quod
650 2808 746 2869 cedat
764 2808 797 2870 in
820 2811 1000 2870 utilitatem
1025 2811 1231 2873 monasterii.
1248 2811 1404 2873 Palmieri

326 2891 348 2952 l.
367 2909 444 2953 c.n.
467 2895 536 2968 138.

367 2991 395 3032 2.
414 2972 552 3034 Douatio
574 2978 608 3034 et
629 2973 832 3034 Renuntiatio
851 2972 920 3054 juri
939 2976 1007 3056 jam
1032 2975 1209 3054 acquisito
1236 2975 1271 3038 Si
1294 2983 1408 3038 autem

326 3073 416 3116 mere
439 3055 568 3116 abnuas
592 3058 851 3137 eleemosynam,
876 3057 1089 3118 donationem
1118 3061 1265 3121 nondum
1289 3079 1408 3141 accep·

325 3143 445 3213 tatam,
461 3139 585 3199 caritas
598 3138 741 3218 quidem,
752 3159 819 3200 non
832 3149 945 3201 autem
960 3149 1140 3222 paupertas
1154 3143 1239 3203 laedi
1255 3151 1407 3222 possunt.

367 3235 397 3299 3'.
413 3221 619 3284 Permutatio.
645 3221 679 3283 Si
696 3229 807 3282 tamen
825 3222 883 3283 fiat
900 3242 1013 3284 rerum
1030 3223 1240 3302 lungibilium
1259 3225 1404 3306 ejusdem

325 3303 478 3380 rationis,
493 3312 541 3379 ut,
558 3325 615 3384 per
634 3324 681 3380 se,
700 3304 725 3365 si
744 3323 880 3366 auream
897 3299 1075 3386 pecuniam
1089 3319 1277 3368 commutes
1289 3326 1408 3386 argen-

324 3391 391 3463 tea,
409 3386 441 3448 id
457 3387 512 3448 vix
528 3389 660 3448 videtur
672 3406 861 3468 repugnare
873 3398 965 3448 voto.
991 3390 1039 3448 Ac
1052 3389 1277 3467 quarumlibet
1294 3409 1407 3451 rerum

324 3488 462 3550 prorsus
485 3469 640 3531 similium
663 3469 865 3550 permutatio
889 3468 1023 3531 vacabit
1047 3473 1144 3551 eulpa
1165 3473 1274 3551 gravi.
1299 3473 1410 3533 Minor

324 3551 424 3612 etiam
449 3555 547 3631 culpa
569 3555 655 3612 inest
678 3551 980 3632 permutationibus
1004 3571 1118 3614 rerum
1140 3553 1298 3615 similium
1323 3573 1409 3634 quae

324 3633 409 3694 fiunt
425 3633 512 3694 inter
528 3633 650 3694 fratres
667 3633 816 3714 ejusdem
829 3641 1029 3703 conventus,
1048 3642 1081 3696 et
1093 3635 1223 3697 facilius
1238 3637 1405 3714 praesumi

324 3721 434 3795 potest
463 3714 609 3792 licentia,
642 3735 738 3795 quam
771 3716 798 3776 si
829 3718 1008 3778 tradantur
1030 3729 1204 3779 extraneo
1233 3719 1403 3796 Palmieri,

324 3801 536 3875 n.12'5.126.
1133 3873 1134 3876 Ἴ

365 3901 395 3960 4.
405 3877 596 3959 Adsumptio.
611 3880 707 3962 Quod
720 3879 746 3940 si
760 3880 870 3941 cibum
882 3883 935 3942 vel
949 3889 1064 3962 potum
1077 3883 1165 3963 apud
1178 3881 1257 3962 ipsos
1269 3887 1406 3943 externos
1466 3905 1468 3909 ·

324 3969 499 4042 acceptum
515 3960 743 4041 absumpseris
756 3965 866 4039 (secus
878 3963 904 4024 si
919 3963 1055 4027 domum
1068 3964 1183 4043 feras),
1191 3963 1404 4046 probabiliter,

323 4045 506 4105 secundum
517 4043 555 4106 C.
565 4045 605 4105 de
619 4046 715 4125 Lugo
727 4045 776 4105 De
787 4042 864 4124 just.
877 4045 995 4126 etjam,
1006 4049 1037 4109 d.
1049 4069 1079 4126 3.
1090 4068 1110 4108 n
1138 4069 1189 4126 53,
1205 4067 1272 4108 non
1284 4046 1404 4108 feceris

323 4125 386 4188 nisi
402 4125 581 4206 usumfaeli
592 4146 658 4207 quo
674 4148 741 4189 non
759 4128 900 4189 laeditur
916 4137 1033 4190 votum
1048 4130 1271 4210 paupertatis.

364 4227 395 4289 5.
425 4210 572 4271 Mutuum
599 4215 627 4270 et
647 4209 896 4273 Commodatum.
924 4211 989 4274 Sed
1017 4213 1050 4273 in
1077 4212 1179 4273 breve
1207 4220 1350 4292 tempuS,
1380 4209 1409 4271 si

323 4298 417 4353 certa
439 4293 482 4354 sit
505 4292 685 4366 restitutio
710 4293 742 4355 id
765 4313 830 4354 non
855 4295 918 4355 erit
945 4313 1061 4374 grave,
1089 4300 1123 4356 et
1150 4314 1269 4356 rursus
1296 4291 1407 4355 minus

322 4394 438 4454 grave,
456 4374 483 4434 si
499 4375 597 4436 detur·
608 4374 704 4437 lratri
722 4374 864 4454 quamsi
880 4384 1054 4440 extranea.

364 4460 395 4518 6.
424 4456 607 4536 Depositam
634 4456 768 4539 proprie
797 4456 923 4519 dictum
954 4461 1034 4536 (non
1067 4459 1209 4541 simplex
1238 4454 1403 4538 quaedam
