3148 5004
320 481 366 544 88
624 501 691 538 raas
706 501 827 550 putarit.
844 500 940 537 suerro
956 501 974 536 1.
993 499 1084 537 carus
1100 500 1120 536 ιι

323 635 488 695 duxissent.
504 635 532 693 Α
542 633 689 694 Toletano
704 649 775 693 vero
787 634 880 693 Cone.
895 650 926 691 ιν
937 633 1023 710 4633),
1036 651 1063 693 c.
1077 649 1123 709 49,
1138 636 1347 710 promulgatus
1359 647 1404 696 est

324 720 421 777 canon
446 742 460 772 c
486 717 672 776 Monachum
698 728 751 776 aut
776 730 899 792 paterna
920 717 1038 776 devotio
1057 730 1110 776 aut
1130 721 1249 792 propria
1268 719 1407 794 professio

324 802 407 861 lacit:
419 803 562 878 quicquid
574 804 681 861 horum
695 801 783 861 luerit
795 803 951 876 alligatum
966 804 1077 861 tenebit
1090 814 1115 861 ¹.
1133 826 1147 855 »
1163 801 1329 878 Disciplina
1343 807 1408 878 ista,

324 887 410 965 cujus
424 887 482 945 alia
495 887 676 945 documenta
698 888 844 945 habemus
855 889 888 944 in
902 905 1043 960 responso
1057 885 1194 964 Gregorii
1207 887 1235 948 11
1254 891 1292 948 ad
1306 890 1337 949 S.
1353 890 1411 950 Bo·

324 969 480 1041 nilacium,
500 971 627 1029 relatum
640 971 675 1030 C.
687 969 903 1031 Wormatiensi
914 978 921 1030 t
925 971 988 1046 563)
1002 989 1069 1030 can.
1085 987 1133 1050 55,
1148 981 1179 1032 et
1197 975 1228 1031 in
1252 974 1288 1033 C.
1304 975 1412 1051 Aquis·

324 1054 463 1129 granensi
477 1054 507 1112 d.
527 1053 562 1128 36
575 1063 595 1123 ²,
617 1071 768 1129 quamque
788 1071 890 1128 opusc.
912 1053 945 1112 16
959 1053 989 1112 S.
1006 1053 1085 1114 Petri
1101 1054 1254 1129 Damiani,
1270 1075 1297 1118 c.
1311 1074 1328 1134 5
1341 1069 1361 1126 ³,
1377 1069 1406 1118 et

325 1139 411 1212 epist.
434 1155 447 1196 1
467 1148 497 1197 et
508 1154 563 1214 324
574 1137 605 1198 S.
626 1137 768 1198 Bernardi
782 1137 908 1212 probant
919 1155 974 1196 sua
994 1138 1085 1196 etiam
1099 1151 1196 1198 aetate
1210 1159 1265 1199 usu
1278 1143 1402 1212 venisse,

325 1232 500 1279 assertorem
511 1232 541 1279 et
555 1230 805 1296 propugnatorem
819 1232 907 1278 nacta
921 1233 965 1278 est
977 1221 1138 1280 Rabanum
1152 1222 1304 1296 Maurum,
1328 1226 1347 1284 l.
1367 1223 1415 1284 De

325 1301 472 1364 oblatione
481 1307 657 1382 paterarum.
671 1304 728 1379 (M.
743 1305 776 1364 P.
793 1305 830 1364 L.
841 1314 865 1363 t.
883 1321 943 1378 107,
957 1322 985 1377 p.
1000 1321 1055 1380 419
1069 1309 1127 1384 sq.)

360 1390 408 1447 Ad
428 1408 488 1449 sec.
514 1400 617 1447 autem
639 1406 683 1448 xu
708 1390 810 1447 exiens
835 1389 997 1464 permansit
1022 1390 1144 1462 integra,
1167 1391 1298 1449 doneca
1323 1393 1399 1450 'Cae-

325 1473 431 1530 lestino
450 1491 483 1531 111
506 1473 683 1549 urps-1193)
701 1490 728 1530 c.
744 1472 822 1530 Cum
835 1473 940 1542 simus,
967 1472 1011 1531 θα
1023 1469 1212 1552 regularibus
1227 1481 1283 1540 (ιιι.
1309 1482 1355 1550 31)
1378 1485 1408 1532 et

325 1555 502 1615 Innocentio
524 1574 558 1614 111
581 1556 759 1632 (119s1216)
784 1566 958 1631 temperata,
983 1557 1091 1616 ultima
1112 1557 1142 1615 in
1166 1575 1191 1617 s.
1219 1574 1275 1617 xru
1293 1559 1411 1634 reliquit

324 1644 448 1714 vestigia
460 1653 482 1702 ⁴.

361 1727 484 1785 Frustra
497 1727 586 1802 igitur
599 1735 661 1784 tam
672 1726 796 1785 illustria
808 1724 887 1784 lacta
901 1727 1051 1798 nonnulli,
1066 1745 1095 1786 v.
1106 1746 1151 1802 gr.
1161 1728 1199 1786 R.
1213 1727 1249 1787 P.
1260 1729 1412 1802 Palmieri,

326 1806 408 1892 Opus
423 1806 510 1870 theol.
525 1821 561 1869 tr.
576 1827 604 1886 9,
620 1827 646 1869 c.
659 1825 685 1882 1,
696 1828 727 1869 n.
742 1827 803 1885 192,
817 1829 887 1868 cum
902 1809 1008 1868 Glossa
1022 1811 1053 1868 in
1063 1810 1098 1869 C.
1110 1828 1161 1882 xx,
1173 1830 1203 1885 q.
1221 1829 1234 1869 1
1249 1824 1279 1870 et
1292 1811 1411 1885 Suarez,

325 1904 361 1954 tr.
375 1910 403 1970 7,
427 1894 447 1952 l.
460 1894 489 1965 6,
504 1913 530 1952 c.
544 1911 572 1969 3,
593 1912 624 1952 n.
640 1912 683 1969 13,
706 1894 806 1952 conati
827 1904 897 1952 sunt
919 1913 1029 1970 negare
1052 1895 1099 1952 vel
1122 1895 1253 1956 violenta
1275 1915 1415 1956 enervare

324 1979 534 2037 declaratione.
563 1976 704 2036 Defensio
730 1991 831 2037 autem
851 1995 932 2049 usus,
953 1979 1004 2052 qui
1033 1990 1095 2037 tam
1129 1980 1238 2038 nostris
1266 1991 1412 2055 repugnat

327 2065 460 2122 moribus
470 2077 561 2138 atque
572 2062 793 2134 existimationi,
801 2064 972 2138 quaerenda
981 2062 1097 2121 videtur
1105 2081 1142 2121 ex
1152 2063 1266 2141 majore
1276 2065 1304 2121 vi
1314 2075 1411 2138 potes·

248 2214 252 2221 ,
326 2149 395 2208 tatis
407 2149 530 2223 patriae.

361 2231 451 2305 Apud
470 2249 531 2288 non
555 2248 665 2305 paucas
680 2231 761 2288 enim
776 2240 880 2304 gentes
893 2229 1063 2304 parentibus
1075 2229 1127 2306 jus
1140 2239 1202 2288 erat
1216 2228 1362 2287 statuendi
1374 2229 1414 2285 de

325 2325 403 2376 sorte
418 2314 549 2374 liliorum
562 2313 672 2373 sutura.
693 2313 803 2372 Nonne
821 2315 912 2372 etiam
925 2312 1032 2389 Judaei
1046 2324 1161 2370 tantam
1176 2313 1250 2387 patri
1263 2329 1418 2372 concesse·

325 2412 396 2459 runt
405 2412 593 2474 potestatem,
605 2417 706 2457 nonne
717 2399 850 2476 ejusdem
860 2399 984 2472 vestigia
994 2398 1143 2457 habentur
1152 2399 1183 2456 in
1198 2415 1211 2456 1
1226 2416 1273 2472 ep.
1284 2396 1316 2455 S.
1329 2395 1413 2455 Pauli

326 2485 364 2543 ad
387 2483 522 2542 Corinth.
544 2481 611 2541 vn?
634 2482 713 2560 Quid
736 2496 807 2540 tunc
829 2484 950 2552 mirum,
973 2481 1061 2556 siqui
1075 2482 1166 2539 libera
1182 2481 1219 2538 de
1244 2481 1415 2539 conditione

326 2569 456 2626 filiorum
468 2569 612 2641 gerebant
623 2567 872 2625 arbitria'eosdem
883 2578 1043 2640 potuerunt
1056 2566 1141 2623 suavi
1151 2565 1277 2623 subdere
1288 2565 1413 2641 imperio

327 2649 458 2712 Christi?
480 2651 564 2709 Haec
586 2668 659 2708 sane
684 2668 702 2707 a
725 2651 833 2708 nostris
855 2650 987 2708 moribus
1018 2649 1090 2706 satis
1125 2660 1196 2706 sunt
1222 2647 1332 2718 aliena,
1359 2666 1415 2706 nec

327 2735 513 2795 diffitendum
529 2747 573 2794 est
586 2735 682 2809 magis
695 2736 771 2792 votis
783 2744 907 2792 naturae
920 2752 985 2792 esse
1005 2744 1257 2804 consentaneum,
1278 2744 1312 2790 ut
1324 2750 1413 2790 suum

328 2823 453 2897 quisque
465 2821 576 2893 deligat
588 2829 699 2877 statum
713 2820 801 2878 vitae.
816 2817 864 2876 Ne
877 2831 979 2876 tamen
995 2836 1031 2876 ex
1046 2818 1252 2892 praesentibus
1265 2815 1412 2893 adjunctis

327 2905 549 2963 consideremus
568 2903 706 2977 pristinos
723 2920 822 2960 mores
831 2919 840 2973 ;
857 2920 933 2960 neve
948 2902 1051 2959 leviter
1065 2902 1270 2974 improbemus
1286 2907 1342 2956 ⁵ut
1351 2897 1413 2977 juri

328 2999 452 3047 naturae
464 2987 644 3045 contrariam
657 2986 790 3060 amplam
809 2985 946 3042 illam'in
971 2982 1049 3040 filios
1071 2994 1249 3056 potestatem
1272 3000 1349 3058 quae
1372 2993 1416 3041 tot

327 3072 506 3147 populorum
531 3071 647 3144 legibus
667 3079 712 3127 est
736 3066 861 3128 sancita.
894 3068 934 3125 Et
958 3086 989 3125 re
1016 3068 1137 3142 quidem
1163 3086 1243 3139 vera,
1257 3078 1415 3139 cogentem

326 3155 472 3212 rationem
486 3171 545 3228 qua
559 3153 588 3210 id
600 3151 763 3211 efficeretur
785 3170 846 3209 non
869 3168 1018 3224 agnovere
1042 3151 1097 3208 viri
1122 3151 1256 3210 doctrina
1269 3168 1365 3224 aeque
1376 3168 1413 3208 ac

326 3238 481 3298 sanctitate
495 3238 648 3311 conspicui
658 3254 667 3308 ;
681 3254 784 3295 recens
808 3237 899 3294 etiam
922 3254 984 3293 non
1003 3236 1126 3309 agnovit
1146 3234 1325 3292 Benedictus
1347 3251 1410 3305 xiv,

325 3320 427 3397 dum§
445 3339 467 3393 7,
482 3322 538 3380 litt.
552 3315 661 3390 Probe,
684 3333 716 3394 15
734 3320 798 3378 dec.
815 3334 894 3394 1751,
917 3319 1062 3388 concedit,
1090 3331 1213 3391 excepto
1234 3318 1302 3394 jure
1325 3318 1414 3390 vitae,
1437 3365 1440 3373 .

327 3425 411 3481 posse
429 3408 494 3482 lege
521 3407 644 3480 positiva
659 3404 764 3462 ascribi
778 3403 949 3477 parentibus
962 3403 1172 3461 omnimodam
1185 3402 1412 3478 dispositionem

326 3502 420 3548 status
433 3487 563 3546 filiorum
574 3500 603 3545 et
614 3488 692 3545 vitae
705 3489 831 3561 generis.
846 3487 968 3545 Accedit
979 3486 1065 3555 ratio,
1080 3486 1160 3559 quod
1171 3496 1255 3543 tanta
1268 3493 1412 3558 potestate

328 3593 389 3633 non
403 3573 560 3631 laeduntur
570 3571 710 3645 primaria
718 3571 787 3647 jura
800 3588 955 3644 personae,
967 3587 1045 3644 quae
1057 3571 1116 3627 huc
1129 3579 1264 3643 spectant
1278 3579 1309 3627 ut
1322 3567 1414 3642 possit

358 3777 366 3812 1
379 3770 587 3827 Labbe-Mansi,
600 3776 619 3820 t.
634 3788 669 3826 ιο,
682 3785 709 3830 p.
721 3777 773 3818 631.

356 3831 460 3881 ²Clr.c
479 3838 527 3879 2.3
549 3838 606 3886 no,
619 3829 650 3877 C.
661 3842 705 3880 xx.
718 3842 743 3887 q.
758 3845 778 3875 1.

356 3890 480 3947 ³Migne,
492 3894 511 3935 t.
526 3894 576 3947 145,
586 3900 610 3935 c.
624 3893 675 3945 572.
689 3892 743 3950 573.
839 3941 844 3950 ι

356 3949 418 3994 ⁴De
429 3947 481 3995 hac
490 3960 529 3997 re.
541 3945 589 3994 cir.
604 3944 744 3993 Benedicti
763 3955 809 3990 xiv
827 3942 931 3990 litteras
952 3943 1075 3990 Postremo
1091 3954 1174 3995 mense,
1193 3936 1372 3995 aulebr.1747
1388 3943 1416 3986 et

233 4023 235 4030 ’
327 4006 425 4062 Probet
438 4013 459 4059 3,
474 4010 498 4052 15
510 4004 570 4052 dec.
585 4009 652 4060 1751,
664 4003 701 4050 Dc
718 3999 822 4059 sinodo.
836 4000 853 4048 l.
865 4009 888 4057 6,
901 4014 925 4048 c.
940 4008 968 4056 3;
983 4001 1107 4047 Matiene
1124 3998 1160 4049 ad
1177 4010 1201 4044 c.
1215 4003 1242 4054 ⁵9
1254 4010 1308 4055 reg.
1323 3997 1349 4044 S.
1365 3996 1415 4044 Be·

326 4063 444 4119 pedion:
459 4061 600 4110 Binterim.
613 4058 857 4116 Deniwrirdigiieitm,
871 4068 889 4105 t.
903 4066 924 4112 3,
937 4073 964 4117 p.
978 4075 999 4112 2,
1019 4071 1044 4106 c.
1062 4062 1110 4115 ns
1127 4070 1157 4114 9;
1176 4054 1227 4102 tu.
1247 4052 1410 4110 Waldensis,

325 4118 538 4182 Doctrinaiefiiei,
551 4127 569 4168 t.
583 4128 605 4175 3,
618 4133 642 4168 c.
660 4131 705 4175 77:
717 4115 741 4180 J.
757 4117 864 4171 Devoti,
877 4117 959 4163 instit.
973 4129 1059 4163 canon.
1074 4118 1092 4162 l.
1108 4133 1128 4169 ι,
1149 4129 1173 4163 c.
1186 4132 1210 4171 9.
1223 4116 1234 4168 i
1249 4120 1283 4167 13;
1297 4111 1320 4159 F
1322 4114 1411 4176 leury·

325 4179 468 4234 Zacharia,
480 4178 618 4237 Disciplina
634 4175 711 4236 populi
722 4177 777 4230 Dii,
795 4181 813 4238 t.
832 4181 854 4230 3,
867 4188 893 4232 p.
914 4173 1035 4238 239.2dts's
1062 4181 1090 4229 48
1110 4173 1195 4230 (Petri
1213 4170 1408 4228 Magagnottti:

326 4237 410 4293 Seidl,
423 4236 605 4295 Gottverlobsng
615 4234 655 4295 der
665 4235 690 4281 K
692 4234 766 4282 iader.
780 4234 875 4280 Ritum
889 4230 1038 4294 oblationis
1050 4229 1184 4280 describit
1196 4242 1268 4292 ugr..
1279 4227 1412 4282 Matiene,

326 4304 384 4344 turn
399 4295 434 4343 ad
450 4294 554 4342 dictum
564 4307 589 4342 c.
608 4300 636 4352 ⁵9
652 4293 762 4354 regulae
773 4291 800 4340 S.
813 4289 965 4345 Benedicti,
986 4298 1044 4337 tum
1064 4289 1102 4336 De
1111 4291 1219 4348 antiquis
1239 4285 1414 4334 Mesochorum

325 4354 628 4468 raisiiffisflriggcbssbm
648 4419 792 4465 possumus
809 4402 964 4452 absolutam
984 4397 1234 4459 reprehensionem
1259 4404 1415 4456 contentam

322 4471 384 4525 542·
398 4475 426 4525 43
436 4465 562 4526 opusculi
572 4465 607 4512 D.
620 4463 705 4513 Seidl.
