3138 5014
140 751 254 798 Foruiias

109 808 257 858 benedicendi

109 871 251 927 paramenta

110 923 238 974 Ecclesiae.

138 1668 241 1716 Cuinom

108 1731 220 1785 competat
228 1733 266 1788 po-

108 1787 178 1830 irsios
188 1783 266 1844 serru-

98 1839 133 1887 di
142 1841 219 1900 leges?

140 2077 182 2124 Vis
195 2079 265 2126 istius

102 2139 225 2194 potestatis
239 2141 264 2188 in

105 2192 205 2244 Ordine.

135 2402 256 2464 Quaenam

103 2459 226 2509 Praetoris

103 2524 214 2576 competat
224 2527 262 2582 po·

104 2579 178 2623 tesius.

102 2892 262 2949 cognoscendi

101 2962 194 3008 causas,

123 3063 254 3123 Punirndi,

100 3812 260 3873 Susprudrndi

99 3885 126 3919 err
142 3873 257 3934 informo-

101 3935 125 3975 to
141 3936 257 3980 conscien-

100 3989 144 4044 tio,

323 427 383 492 952
708 455 775 490 nnus
790 454 885 491 suurn.
903 453 992 490 cneus
1007 453 1027 488 11

324 607 364 650 ex
381 591 505 651 natura
521 608 583 651 sua
598 595 715 652 votum
731 589 879 671 postulet
893 588 981 652 hanc
1005 588 1200 651 facultatem
1220 609 1226 649 :
1245 585 1342 666 quale
1357 590 1411 646 est

325 676 441 734 votum
455 672 674 736 Minimorum
691 671 886 735 comedendi
903 677 1036 734 tantum
1054 670 1146 732 cibos
1163 669 1337 732 esuriales.

366 755 455 819 422.
474 759 641 820 Potestas
668 757 912 818 benedicendi.
941 756 1088 817 Possunt
1111 752 1259 815 Praelati
1276 751 1408 831 regula·

324 855 390 914 res,
419 837 521 900 etiam
547 840 682 916 localeS,
700 858 741 900 ex
765 837 981 900 concessione
1003 836 1127 900 Leonis
1144 853 1176 911 x,
1195 833 1406 910 benedicere,

324 918 365 980 ad
390 939 479 982 usnru
505 925 626 983 tautum
650 940 786 998 suorum,
805 920 955 982 sollemni
972 918 1215 995 benedictione,
1233 916 1405 993 ecclesiaS,

324 1002 486 1082 oratoria,
499 1005 682 1084 paramento
697 1009 725 1065 ei
746 1009 921 1065 ornamento
948 1010 982 1064 et
1005 1019 1237 1083 quaecumque
1261 999 1303 1060 ad
1325 998 1407 1060 divi-

324 1105 402 1146 num
417 1087 551 1148 cultum
561 1088 731 1169 pertinent
744 1087 776 1149 in
790 1085 909 1166 quibus
926 1105 992 1147 non
1005 1087 1048 1148 sit
1060 1083 1221 1147 cirrisruoie
1232 1083 1406 1149 utendum.

366 1167 441 1230 Non
458 1170 571 1231 valent
588 1177 701 1250 itaque
718 1168 914 1232 benedicere
931 1174 1127 1250 paramenta
1150 1166 1191 1228 ad
1215 1185 1312 1228 usum
1327 1165 1407 1226 alie-

323 1269 385 1312 nae
402 1252 575 1315 ecclesiae.
593 1254 688 1336 Quae
703 1253 805 1314 semel
820 1257 933 1314 tamen
949 1251 1073 1314 fuerint
1090 1249 1266 1312 benedicta
1284 1247 1407 1328 ubique

298 1377 300 1382 ,
323 1335 480 1416 usurpari
496 1341 649 1418 possunt.

363 1415 412 1477 De
423 1415 614 1478 ordinatione
628 1417 671 1480 ab
687 1416 817 1480 Abbate
834 1416 894 1479 cir.
913 1415 1011 1495 inlra,
1027 1423 1123 1500 parte
1136 1437 1166 1497 7,
1185 1435 1214 1476 o.
1232 1434 1263 1492 4.

361 1497 412 1559 Dr
423 1498 625 1561 benedictione
640 1499 781 1578 oratorii,
800 1499 862 1562 cfr.
877 1499 974 1576 infra,
990 1507 1086 1581 parte
1103 1517 1131 1577 7,
1150 1519 1179 1561 c.
1197 1519 1228 1560 2.

363 1579 402 1644 C.
419 1597 465 1643 DE
479 1598 739 1658 Jumsuicmouo
755 1599 835 1644 noni
850 1598 1012 1645 EerRui.

362 1664 451 1728 423.
479 1665 647 1728 Potestas
670 1666 846 1728 condendi
874 1668 984 1743 leges.
1015 1687 1043 1728 1.
1072 1665 1166 1724 Haec
1193 1663 1403 1744 plerumque,

320 1753 460 1826 excepto
489 1747 734 1826 quadantenus
766 1753 902 1831 propter
932 1749 999 1811 vim
1028 1746 1100 1828 ejus
1131 1743 1402 1816 Ordinationum,

321 1827 478 1892 Generali
501 1829 680 1893 Societatis
702 1831 795 1914 Jesu,
824 1849 892 1891 non
916 1829 1003 1892 inest
1024 1830 1057 1891 in
1081 1829 1238 1891 Praelato
1255 1845 1321 1887 uno
1346 1825 1403 1886 sed

320 1909 694 1996 i11Cupr'tuiogruernii;
721 1919 754 1974 et
781 1912 980 1994 quandoque
1005 1911 1038 1972 in
1056 1908 1200 1992 Copitrrio
1220 1905 1404 1990 prouinciali

320 1994 409 2074 quod
425 1996 466 2057 ad
483 1996 703 2076 provinciam.

361 2099 392 2140 a.
410 2077 474 2141 Per
485 2098 533 2156 se,
551 2079 585 2141 vi
598 2079 673 2141 talis
686 2076 877 2162 potestatis,
892 2075 983 2156 ipsae
996 2075 1265 2138 Constitutiones
1278 2073 1401 2136 mutari

319 2166 472 2241 possunt,
491 2181 558 2223 non
581 2181 641 2224 eae
664 2169 776 2224 tamen
801 2179 884 2240 quas
912 2159 1068 2221 Pontifex
1091 2157 1344 2220 confirmaverit
1370 2157 1401 2218 in

319 2242 428 2306 forma
453 2243 609 2325 specifica
634 2246 687 2308 vel
714 2265 790 2306 cum
813 2243 962 2305 clausula
980 2240 1170 2304 infirmante
1194 2260 1235 2302 ea
1261 2239 1403 2321 quaein

320 2326 528 2389 contrarium
544 2334 756 2407 gererentur.
800 2345 801 2348 ’

359 2408 447 2473 424.
466 2412 633 2472 Potestas
652 2410 838 2488 judiciaria
862 2416 898 2468 et
921 2409 1100 2470 Coercitio
1128 2407 1150 2470 ¹.
1175 2408 1269 2490 Quae
1294 2405 1326 2467 in
1350 2403 1403 2466 his

317 2495 428 2570 potest
460 2492 637 2553 Praelatus
674 2491 840 2573 regularis
875 2489 1080 2552 definiuntur
1114 2509 1134 2550 a
1167 2486 1399 2578 scriptoribus,

317 2569 530 2635 observando
561 2573 638 2652 quid
668 2575 724 2655 jus
759 2592 935 2635 commune
966 2579 1093 2635 statuat
1128 2573 1167 2634 de
1198 2573 1248 2634 his
1279 2588 1334 2648 qui
1365 2587 1398 2628 m

317 2653 470 2715 Ecclesia
507 2656 713 2718 ordinariam
750 2656 877 2718 habent
909 2655 1192 2737 jurisdictionem,
1223 2650 1397 2716 inferiores

318 2741 430 2798 tamen
446 2743 526 2798 sunt
542 2737 683 2800 Summo
698 2738 873 2801 Pontifice.
1383 2762 1386 2767 ·

358 2818 486 2898 Itaque.
506 2829 648 2901 possunt
664 2821 832 2884 Praelati:

361 2921 387 2962 1.
399 2902 570 2981 Inquirere
580 2903 612 2965 in
621 2905 784 2980 subditos,
795 2923 1000 2984 cognoscere
1011 2923 1127 2967 eorum
1143 2920 1275 2979 causas,
1284 2919 1401 2982 excep-

316 2981 358 3044 tis
376 2985 487 3046 causis
504 3004 589 3065 quae
605 2993 760 3069 spectant
772 2988 814 3050 ad
829 2989 864 3050 S.
879 2987 1044 3050 Officium.
1059 2987 1130 3050 Cir.
1147 3003 1261 3065 supra,
1276 3003 1310 3045 n.
1324 2997 1400 3061 379.

359 3087 387 3129 2.
406 3068 495 3130 Reos
508 3069 610 3131 variis
627 3072 743 3152 poenis
758 3073 914 3152 plectere,
930 3079 1001 3132 tum
1015 3066 1228 3152 spiritualibus
1244 3087 1251 3128 :
1270 3085 1401 3156 excom-

316 3149 565 3229 municationis,
581 3153 748 3216 interdicti
762 3153 960 3234 personalis,
978 3160 1056 3231 eto,
1075 3161 1146 3214 tum
1163 3147 1401 3230 ieurpornlrpus:

316 3234 476 3312 carceris,
490 3233 726 3316 flagellationis
743 3235 830 3298 infra
843 3243 957 3296 tamen
974 3236 1149 3315 sanguinis
1166 3232 1362 3294 effusionem
1376 3231 1400 3292 ².

315 3316 433 3395 Imm0,
459 3317 521 3380 nisi
537 3319 673 3380 obstent
697 3318 966 3395 constitutiones
991 3317 1161 3380 subditum
1190 3315 1340 3376 nondum
1368 3313 1402 3375 in

315 3399 421 3461 sacris
437 3420 457 3460 a
473 3407 564 3463 statu
581 3402 726 3464 clericali
743 3401 774 3463 in
791 3401 943 3463 laicalem
964 3399 1091 3462 referre
1110 3404 1262 3482 possunt.

357 3483 407 3544 Ad
431 3481 587 3545 ferendas
611 3504 733 3564 graves
747 3503 872 3565 poenas
896 3482 1079 3563 requiritur
1104 3481 1269 3562 quaedam
1291 3477 1401 3572 forruo

311 3567 478 3643 processus,
499 3585 585 3645 quae
602 3573 714 3629 tamen
731 3573 931 3649 potestesse
956 3564 1154 3641 summaria,
1179 3564 1221 3624 ad
1247 3566 1401 3624 tramites

315 3652 522 3709 statutorum
545 3655 578 3709 et
602 3649 882 3712 consuetudinum
908 3648 1054 3710 Ordinis.
1080 3647 1150 3710 Cir.
1176 3645 1297 3707 dehoc
1324 3662 1401 3727 pro-

315 3748 412 3792 cessu
429 3727 467 3790 C.
487 3731 526 3791 de
542 3731 652 3810 Lug0‚
669 3731 852 3812 Dejustr'tiu
867 3729 986 3810 rijurr,
1006 3732 1037 3792 d.
1055 3751 1106 3810 37,
1125 3748 1158 3791 n.
1181 3731 1325 3807 165-176.
1357 3767 1362 3772 ,

356 3833 385 3890 3.
417 3812 565 3873 Possunt
598 3813 778 3892 suspendere
807 3834 848 3875 ex
875 3812 1047 3894 insorruoto
1077 3811 1285 3873 coirsoirutr'u:
1315 3827 1401 3888 quae

314 3894 490 3974 suspensio
514 3915 578 3957 non
597 3895 744 3958 infirmat
768 3895 997 3958 absolutiones
1014 3896 1110 3957 datas
1133 3892 1343 3955 secularibus
1360 3907 1402 3952 ex

308 3976 542 4058 jurisdictione
570 3998 629 4059 per
652 3979 857 4060 Episcopum
882 3978 1009 4041 habita.
1035 3979 1070 4040 S.
1096 3977 1134 4038 C.
1160 3977 1224 4057 Ep.
1250 3982 1283 4036 et
1314 3973 1398 4052 Reg.

314 4079 331 4118 2
348 4066 445 4121 mart.
469 4065 557 4122 1866.
575 4060 741 4140 Biuzarri,
761 4081 797 4142 p.
811 4067 882 4123 811.

342 4282 348 4314 ¹
365 4281 406 4328 De
421 4279 463 4328 his
482 4281 531 4329 cfr.
552 4279 700 4335 Passenni,
721 4278 841 4326 Tribunoi
857 4277 976 4335 regulare:
994 4276 1147 4335 Rutunium,
1167 4274 1250 4322 Tluoi.
1268 4287 1329 4321 mor.
1349 4288 1398 4332 reg.

313 4342 331 4385 t.
346 4345 367 4393 3,
378 4341 395 4386 l.
410 4347 431 4392 3.
445 4353 468 4386 c.
481 4355 494 4396 7
506 4353 511 4396 ;
525 4341 567 4386 vel
580 4340 651 4395 Piat,
664 4345 684 4386 t.
697 4356 718 4394 1,
730 4352 757 4395 p.
771 4341 877 4394 Sim-593.
1135 4391 1139 4400 Ι
1181 4390 1185 4399 Ι

341 4399 351 4430 2
363 4398 393 4444 C.
407 4398 477 4444 Cum
488 4397 593 4455 fortius,
607 4415 628 4455 1,
640 4399 677 4444 Dr
686 4394 904 4444 calumniatoribus
918 4395 954 4452 (u,
967 4396 990 4452 2)
1000 4407 1006 4450 ;
1017 4395 1049 4440 In
1058 4392 1313 4451 Archieprscopatu,
1326 4408 1349 4448 4.
1363 4389 1400 4434 Dr

313 4455 447 4512 raptoribus
457 4457 493 4514 (v,
508 4458 553 4514 17).
