3142 5004
145 448 328 529 [386-387]
361 471 397 506 ou
413 468 571 504 rmvrcnoro
587 466 771 503 assumimus
786 466 822 501 ar
838 465 995 502 rorusrarn
1012 468 1133 504 aprscorr
1169 447 1226 508 931

144 612 223 668 cant
245 605 286 668 de
308 603 472 666 virtutum
502 601 624 680 studi0,
659 601 700 662 de
726 598 911 682 disciplina,
940 601 980 663 de
1006 601 1229 665 oecononrieis

144 689 343 753 rationibus.
361 685 444 749 lbid.
461 706 494 748 n.
507 703 540 749 x,
554 700 601 746 x1.
666 689 667 692 ’

78 817 83 824 -
186 795 216 852 3.
233 771 340 835 Simul
353 775 477 846 tamen,
494 789 530 830 ne
545 765 634 829 tollat
642 765 661 848 j
665 787 698 828 ns
713 765 908 846 quaesitura:

185 859 218 934 a)
242 857 415 918 Potestate
442 871 541 932 quam
565 850 668 911 habet
684 846 860 910 dimittendi
883 847 1047 918 alumnos,
1076 849 1165 913 licite
1181 851 1229 913 uti

145 937 260 1018 nequit
297 935 410 998 inseiis
447 932 717 997 moderatoribus
750 932 907 1014 justeque
942 931 1228 996 dissentientibus.

145 1022 282 1098 Ibidem,
300 1039 332 1082 n.
349 1035 424 1082 vlu.
440 1019 492 1080 De
508 1014 729 1098 dispensatione
745 1020 915 1090 votorum,
936 1013 997 1076 cfr.
1016 1035 1049 1078 n.
1066 1017 1144 1094 326.

186 1104 218 1182 b)
233 1101 413 1178 Antistitne,
431 1119 472 1162 ex
487 1097 610 1162 constit
637 1097 765 1158 tionum
777 1096 865 1178 jure,
883 1095 1050 1178 suffragiis
1071 1117 1228 1161 sororum

145 1193 224 1248 sunt
257 1184 509 1266 designandae:
533 1182 704 1261 integrum
734 1186 846 1241 tamen
883 1185 935 1241 est
964 1180 1131 1264 Episcopo
1162 1201 1229 1243 non

145 1275 276 1331 tantum
298 1287 358 1350 per
381 1286 416 1329 se
439 1266 492 1327 vel
514 1285 573 1358 per
596 1265 786 1343 delegatum
808 1281 964 1345 praeesse
986 1263 1152 1333 electioni,
1172 1263 1230 1326 sed

1311 781 1423 841 Ejusdem

1279 842 1402 900 potestatis

1277 899 1356 959 justus
1368 913 1416 944 mo·

1282 956 1325 1004 dus
1343 958 1421 1003 variis

1283 1013 1412 1061 ostenditur

1282 1071 1399 1132 exemplis.

144 1351 258 1430 etiam,
279 1370 339 1434 pro
363 1348 587 1412 conscientiae
603 1346 724 1424 officio,
749 1351 920 1426 peractam
936 1346 1134 1409 electionem
1150 1367 1229 1410 con·
1329 1383 1332 1391 ·

144 1434 279 1497 lirmare
295 1433 349 1496 vel
361 1431 565 1495 rescindere.
579 1430 662 1492 lbid.
679 1448 713 1492 n.
732 1444 776 1491 rx·

186 1521 215 1596 e)
240 1517 388 1579 Gravem
414 1520 546 1577 tantum
570 1513 612 1574 ob
636 1530 773 1573 causam
797 1514 907 1592 potest
923 1509 1115 1594 exstinguere
1136 1512 1230 1575 Insti-

146 1603 246 1659 tntnni
262 1599 315 1659 vel
333 1599 449 1659 tollere
466 1596 602 1657 doniam.
621 1594 703 1656 Ibid.
721 1610 819 1657 n.v1.

186 1681 302 1755 Immo,
321 1679 362 1740 ob
379 1679 518 1740 vetitam
535 1675 770 1738 alienationem
795 1675 962 1740 bonorum
985 1677 1230 1744 ecclesiastico·

145 1781 232 1840 rum,
261 1759 318 1822 vix
344 1760 375 1821 id
402 1759 475 1822 lieri
500 1759 624 1840 poterit
647 1757 718 1820 sine
744 1757 780 1820 S.
808 1757 903 1821 Sedis
929 1759 1135 1825 interventu.
1151 1762 1231 1825 Aeta

146 1845 240 1907 Cone.
260 1843 317 1906 int.
334 1860 429 1904 amer.
447 1863 481 1906 n.
499 1862 570 1918 322.

187 1927 220 2006 d)
237 1925 385 2007 Regimen
401 1924 599 1986 darnesticnin
624 1929 676 1985 est
702 1923 846 2006 propriis
874 1924 1112 2006 Superioribus
1139 1945 1230 1990 com·

145 2008 358 2071 mittendum.
387 2008 511 2090 Quare,
541 2006 604 2069 nisi
620 2007 653 2068 in
680 2006 787 2088 prima
813 2006 962 2069 Instituti
988 2008 1230 2090 approbatione

144 2092 334 2174 Episcopus
363 2091 523 2172 majorem
550 2088 612 2151 sibi
631 2090 811 2171 stipulatus
834 2090 878 2151 sit
899 2096 1113 2170 potestatem,
1138 2111 1231 2154 mera

148 2201 161 2229 ‹<
180 2173 415 2237 convenientia
434 2200 447 2228 »
466 2175 613 2255 postulat
626 2179 663 2232 ut
675 2172 715 2233 de
727 2171 867 2233 conlatis
880 2171 1009 2249 officiis,
1024 2173 1063 2234 de
1076 2192 1230 2236 sororum

146 2255 423 2319 translationibus
440 2256 481 2317 ab
498 2275 566 2316 una
582 2255 614 2316 in
631 2255 772 2315 alteram
792 2253 939 2331 domum,
956 2254 1144 2337 Episcopus
1168 2257 1230 2321 loci

145 2339 203 2401 fiat
219 2340 354 2402 certior.
372 2338 442 2403 Clr.
457 2338 493 2402 S.
519 2337 556 2400 C.
573 2337 644 2400 EE.
661 2343 695 2398 et
718 2336 791 2398 RR.
809 2358 827 2415 9
844 2336 929 2418 april
947 2342 1022 2417 1895
1049 2337 1228 2420 (Munitore,

145 2439 237 2500 1x‚1‚
281 2424 391 2500 ·125l·
1162 2475 1170 2488 2
1227 2497 1229 2502 ,

156 2569 161 2578 ,
186 2443 276 2572 387ῗ
291 2505 334 2567 ΙΙ.
350 2509 401 2566 De
418 2503 601 2566 Institutis
616 2502 880 2580 episcopalibus
900 2521 991 2582 quae
1012 2503 1048 2564 in
1067 2505 1230 2580 pluribus

144 2597 333 2651 versantur
356 2589 594 2650 dioecesibus,
623 2608 650 2648 1.
668 2583 830 2667 Quamvis
852 2586 1051 2676 propagatio
1067 2587 1101 2648 in
1119 2587 1229 2648 varias

145 2671 314 2734 dioeceses
332 2671 493 2734 intactam
510 2689 569 2751 per
592 2688 627 2730 se
642 2667 771 2747 linquat
791 2666 970 2750 juridicam
985 2668 1135 2731 Instituti
1151 2689 1229 2732 con·

51 2757 54 2761 ’
144 2753 319 2832 dicionem,
334 2752 562 2816 conciliandae
588 2759 700 2813 tamen
717 2756 795 2812 sunt
808 2749 956 2813 rationes
973 2751 1117 2833 plurium
1133 2752 1229 2834 Epis·

145 2855 317 2916 coporum,
335 2837 391 2916 qui
417 2856 476 2918 per
504 2855 539 2896 se
566 2834 638 2917 pari
665 2841 745 2895 sunt
770 2835 845 2895 loco
871 2841 904 2896 et
931 2834 1093 2896 similibus
1113 2834 1146 2896 in
1164 2837 1230 2897 tale

145 2917 341 2977 institutum
357 2918 516 2978 fruuntur
536 2916 682 2998 juribus.
706 2915 825 2995 Aptior
849 2917 1094 2979 conciliationis
1111 2918 1229 2980 modus

146 2996 257 3057 nullus
273 2997 337 3058 erit
353 3013 452 3077 quam
477 2997 657 3078 postulatio
681 3016 841 3058 romanae
858 2999 1121 3078 approbationis,
1140 3000 1229 3083 Quo·

146 3077 237 3140 circa
264 3080 382 3140 Patres
414 3096 509 3140 cone.
537 3080 597 3140 lat.
625 3079 802 3140 Amerieae
824 3078 1011 3159 jusserunt,
1039 3102 1073 3145 n.
1098 3104 1168 3164 324,
1193 3091 1230 3144 ut

147 3159 338 3242 hujusmodi
353 3160 512 3222 Instituta
529 3185 541 3213 «
557 3165 686 3221 statuta
698 3178 760 3220 sua
772 3160 868 3222 Sedis
880 3163 1092 3242 Apostolieae
1103 3165 1230 3246 judicio

146 3243 325 3324 subjiciant
342 3249 374 3304 et
389 3241 665 3323 approbationem
682 3243 859 3322 implorent
875 3269 901 3302 ».
917 3243 987 3306 Clr.
1005 3246 1105 3308 etiam
1122 3246 1228 3310 Cone.

146 3323 1228 3409 Avenionense,1849,t.7,e.2,n.a,inC0llect.incensi,t.4,e.35r.

186 3429 216 3472 2.
247 3411 363 3471 Donec
395 3415 506 3470 tamen
534 3406 612 3468 illud
642 3407 769 3469 factum
799 3405 911 3485 luerit,
944 3410 1044 3471 ambo
1074 3411 1158 3472 haec
1190 3413 1230 3474 de

146 3498 265 3555 nostra
281 3511 317 3554 re
334 3491 478 3573 disponit
495 3489 534 3552 C,
553 3487 735 3552 Conditnen
753 3487 894 3554 Christo:

188 3578 220 3653 a)
247 3577 299 3638 De
326 3571 518 3655 hujusmodi
544 3571 731 3636 sodalitatis
759 3599 773 3627 e
793 3579 915 3636 natura
936 3577 970 3634 et
996 3573 1124 3654 legibus
1148 3576 1230 3640 nihil

147 3666 281 3719 mutare
297 3657 375 3719 licet
392 3655 454 3718 nisi
470 3656 678 3736 singulorum
695 3654 939 3736 Episcoporum
956 3675 1134 3738 consensu,
1149 3679 1229 3741 quo-

147 3759 222 3802 rum
238 3741 270 3801 in
288 3739 495 3802 dioecesibus
511 3739 611 3800 aedes
627 3738 765 3800 habent.
786 3766 799 3793 >›
820 3737 902 3820 Cap.
923 3761 950 3814 1,
969 3760 1002 3801 n.
1019 3757 1053 3802 v.

188 3822 221 3902 b)
236 3821 415 3902 Exstingui
439 3823 553 3901 nequit
578 3821 773 3884 Institutum
790 3820 851 3882 nisi
879 3821 1040 3899 gravibus
1064 3823 1103 3886 de
1119 3826 1230 3890 causis

146 3910 180 3966 et
208 3903 494 3968 consentientibus
520 3905 695 3985 Episcopis
722 3922 864 3984 quorum
884 3903 917 3964 in
945 3904 1069 3970 ditione
1093 3907 1229 3973 fuerint.

147 3988 343 4068 Singulares
359 3994 472 4049 tamen
489 3987 606 4049 domos
622 3986 810 4069 Episcopis,
836 3986 868 4049 in
895 4006 958 4048 sua
982 3988 1122 4070 quisque
1142 3993 1231 4055 dioe-

148 4069 226 4147 cesi,
241 4071 357 4132 tollere
372 4071 422 4132 las
439 4074 501 4132 est.
517 4069 601 4132 Ibid.
619 4090 652 4132 n.
669 4085 716 4131 vt.

189 4173 219 4230 3.
237 4152 331 4214 Haec
345 4158 456 4214 tamen
470 4152 559 4214 dieta
571 4152 789 4228 arbitramur,
803 4150 865 4213 nisi
878 4151 1065 4234 Episcopus
1078 4156 1228 4238 originis,

129 4238 184 4317 ,ut
201 4235 249 4295 ita
264 4233 383 4309 dicam,
413 4235 490 4296 dum
507 4235 657 4317 permisit
680 4235 915 4314 migrationem
932 4235 966 4296 in
982 4235 1083 4301 aliam
1100 4241 1234 4304 dioece-

146 4317 221 4396 sim,
239 4324 363 4398 paetus=
375 4323 463 4379 esset
487 4337 562 4379 cum
585 4317 658 4379 aliis
673 4317 862 4399 EpiscopiS,
880 4323 917 4379 ut
934 4319 1022 4398 quod
1038 4322 1080 4383 ad
1105 4320 1230 4406 religio-

146 4419 213 4462 snni
235 4397 442 4480 disciplinam
472 4399 534 4462 sibi
564 4400 621 4462 uni
644 4405 796 4462 maneret
818 4400 1013 4464 Institutum
1036 4403 1229 4470 obnoxium.

148 4483 257 4561 Atque
270 4480 461 4566 hujusmodi
469 4483 661 4565 pactionum
671 4502 736 4547 non
747 4502 851 4547 unum
865 4485 1018 4548 novimus
1031 4491 1229 4571 exemplum.

1307 2523 1442 2574 Concilian-

1284 2579 1329 2628 tae
1338 2589 1392 2630 sunt
1402 2600 1442 2633 va·

1284 2641 1376 2686 riorum

1284 2697 1410 2758 Episcopo·

1284 2769 1336 2802 rum
1347 2762 1419 2806 mtto-

1283 2828 1331 2860 nes.
1346 2815 1424 2875 Quare

1282 2875 1388 2930 praestat
1403 2890 1440 2923 ro·

1284 2937 1438 2993 manampete·

1285 3001 1309 3055 νς
1328 2992 1440 3048 approbo-

1284 3050 1379 3098 tionem·

1300 3437 1441 3486 Sanctiones

1285 3495 1313 3542 C.
1327 3495 1442 3544 Conditor

1284 3567 1298 3600 a
1313 3554 1419 3603 Christo.

1315 4170 1379 4232 Quid
1391 4175 1414 4219 st

1280 4235 1352 4290 paeto
1382 4232 1444 4278 inter

1284 4287 1432 4349 Episcopis?
