3148 5004
141 499 320 581 [186-188]
385 518 422 554 un
438 516 607 554 uovrrrarus
621 519 806 556 uacussrrarn
821 507 857 556 ar
871 521 1023 564 anJuucrrs
1166 494 1226 566 {13

144 655 324 741 encyclicis
340 656 376 720 S.
394 653 677 737 Congregationis
692 653 715 736 ¹,
732 664 832 737 90ct.
853 663 943 738 1692.
966 657 1038 724 Cfr.
1061 645 1225 741 Bizzar'ri,
1396 659 1399 668 ¹

143 745 276 900 Ρὸῗὶἶῖ
292 834 329 899 S.
347 833 451 898 Sedes
471 833 561 898 ‘idem
586 833 740 918 stipulari
756 834 790 898 in
805 835 1113 904 constitutionibus
1139 837 1245 902 Con·'

133 918 378 1000 gregationum
394 915 640 998 religiosarum.

144 1048 147 1056 ’
177 1025 272 1090 188.
300 1045 332 1092 ι.
350 1026 515 1110 Spatium
532 1023 717 1088 novitiatus
740 1025 898 1090 definitur
919 1026 1228 1092 constitutionibus

143 1107 353 1190 approbatis..
370 1106 546 1188 Minimum
562 1127 644 1171 vero
660 1114 791 1190 tempus
803 1109 891 1190 quod
915 1109 955 1175 C.
978 1110 1008 1173 T
1011 1111 1227 1190 ridentinum‚

143 1208 171 1253 e.
186 1209 238 1270 25,
253 1191 302 1252 De
312 1187 425 1273 Regut.
440 1209 470 1253 c.
487 1209 522 1270 15
535 1189 637 1272 exigit
649 1191 691 1253 ad
704 1191 920 1275 professionis
930 1190 1085 1278 sollemnis
1096 1192 1231 1258 valorem

145 1279 196 1336 est
212 1293 323 1350 annas,
341 1271 409 1352 qui,
436 1278 474 1334 ut
500 1273 668 1336 eommunis
682 1274 786 1338 habet
808 1275 976 1338 sententia
992 1296 1069 1339 cum
1085 1276 1230 1340 decretis

148 1354 469 1436 Congregationum,
495 1375 561 1418 non
589 1358 762 1420 moraliter
777 1363 909 1420 tantum
931 1358 990 1421 sed
1015 1359 1231 1434 mathematice

147 1437 331 1514 debetesse
344 1438 531 1521 completus
546 1437 570 1516 ²,
588 1457 648 1501 nec
665 1445 776 1521 potest
790 1460 864 1503 esse
879 1440 1080 1522 interruptas.

186 1533 237 1596 Ab
250 1532 497 1616 interruptione
520 1532 628 1597 differt
650 1533 814 1614 suspensio,
832 1554 898 1615 qua
910 1535 1080 1616 obstante,
1101 1543 1231 1620 tempus

148 1617 278 1697 quidem
305 1617 433 1679 utiliter
458 1615 526 1678 labi
550 1615 682 1693 desinit,
711 1637 790 1700 pars
816 1623 930 1681 tamen
953 1639 1024 1702 Jam
1050 1621 1136 1682 bene
1153 1624 1232 1681 ante

146 1707 283 1779 peracta
306 1698 466 1781 conjungi
489 1708 600 1782 potest
617 1699 752 1780 reliquis
769 1700 938 1764 mensibus
956 1703 1012 1782 qui
1025 1702 1147 1765 desunt
1159 1718 1232 1783 per·

145 1781 254 1848 fectae
267 1781 486 1863 probationis.

183 1877 350 1957 Agedum,
378 1877 599 1958 suspenditur
629 1877 812 1941 novitiatus
834 1879 980 1959 quande,
1010 1900 1070 1962 per
1099 1877 1234 1960 aliquod

147 1964 292 2041 tempus,
317 1960 409 2021 nulla
425 1959 523 2040 copia
544 1960 607 2023 fuit
623 1959 763 2042 alicujus
780 1962 1000 2044 probationis,
1018 1962 1098 2042 quin
1119 1967 1233 2023 tamen

146 2046 255 2103 status
271 2041 390 2105 novitii
403 2041 505 2105 fuerit
520 2042 668 2124 perfecte
683 2042 851 2107 dimissus.
867 2045 1029 2125 Exempla
1041 2046 1125 2106 haec
1142 2040 1233 2105 dabi-

146 2143 241 2186 mus:
259 2127 292 2203 a)
310 2122 345 2187 Si
368 2125 515 2187 novitius
528 2144 587 2206 per
603 2126 750 2188 notabile
764 2135 910 2209 tempus,
928 2133 1049 2208 utputa
1065 2145 1124 2209 per
1141 2144 1233 2187 men·
1263 2167 1265 2172 -

147 2226 228 2284 sem,
250 2206 394 2288 furiosas
409 2206 511 2269 fuerit
537 2209 591 2271 vel
613 2227 727 2271 aatear.
744 2211 895 2290 Namque
910 2215 1043 2290 tempus
1059 2227 1119 2290 per
1145 2207 1233 2286 quod

148 2308 240 2352 mere
252 2289 404 2352 infirmus
418 2289 610 2368 decumbat,
635 2291 724 2353 utilis
741 2291 952 2354 existimatur
973 2310 1047 2353 esse
1062 2289 1233 2372 probatio·

146 2371 213 2449 nis;
246 2373 280 2445 b)
306 2371 342 2434 si
366 2370 409 2434 ob
437 2391 575 2436 causam
601 2373 759 2454 injustam
788 2373 947 2436 novitius¹
967 2382 1106 2456 coactus
1131 2373 1233 2435 fuerit

146 2453 300 2517 deserere
331 2456 492 2532 claustra,
518 2455 623 2518 donec
650 2455 822 2538 Superior,
853 2456 968 2536 agnito
997 2475 1125 2534 errore,
1157 2473 1233 2517 eum

147 2537 372 2599 revocaverit.

179 2654 258 2734 Quia
272 2657 485 2714 mathematice
497 2656 672 2714 aestimatur
683 2675 791 2728 annus,
806 2657 872 2714 ideo
883 2657 908 2714 si
919 2657 965 2714 vel
978 2675 1039 2714 una
1054 2647 1235 2714 desideretur

143 2741 225 2812 hora,
239 2739 454 2814 professionem
468 2741 574 2800 volunt
588 2757 651 2797 esse
664 2741 787 2798 irritam.

178 2822 344 2896 Praeterea,
359 2824 384 2881 si
397 2841 496 2880 annus
515 2822 603 2881 fuerit
621 2824 788 2894 bissextilis,
815 2825 949 2898 probatio
970 2823 1160 2896 producenda
1179 2825 1235 2880 erit

143 2908 181 2964 ad
194 2905 287 2966 finem
301 2907 363 2984 3661
375 2909 442 2968 diei.
460 2908 560 2985 Quare
573 2909 625 2982 qui
638 2923 655 2983 5
669 2908 768 2966 martii
787 2907 875 2966 fuerit
887 2909 1038 2982 ingressus
1053 2926 1114 2965 non
1128 2909 1235 2982 poterit

143 2993 259 3049 causari
283 3010 397 3050 annum
422 2992 607 3049 bissextilem
634 2992 685 3065 qui
711 2993 809 3061 instet,
833 3002 867 3048 ut
898 2991 1114 3065 professionem
1146 2988 1235 3048 faciat

143 3088 176 3150 4a
186 3077 286 3134 martii
295 3095 347 3150 pro
356 3091 402 3152 5³.
411 3077 450 3134 Et
460 3076 511 3150 qui
528 3075 709 3149 ingrediatur
722 3076 769 3132 die
783 3093 818 3150 29
828 3074 967 3132 februarii
979 3094 1040 3133 non
1051 3073 1236 3150 profitebitur

143 3160 242 3217 valide
254 3168 323 3216 ante
335 3174 387 3218 1tm
399 3162 497 3219 martii
511 3161 583 3217 anni
600 3160 735 3234 proxime
745 3161 906 3233 sequentis.
925 3158 1033 3228 Immo,
1046 3160 1117 3233 quia
1130 3177 1235 3217 secun·

144 3245 219 3302 dum
242 3243 443 3302 calendarium
467 3245 711 3311 ecclesiasticum,
736 3244 766 3300 in
789 3261 871 3300 anno
897 3243 1041 3301 bissextili
1066 3244 1129 3300 dies
1153 3259 1189 3315 24
1207 3253 1237 3299 et

143 3343 180 3403 25
193 3328 331 3386 februarii
344 3348 397 3403 pro
416 3347 477 3387 una
490 3329 647 3398 habentur,
673 3328 857 3386 contendunt
879 3346 950 3386 eum
975 3329 1026 3402 qui
1041 3343 1077 3400 24
1097 3325 1236 3385 februarii

144 3413 319 3485 religionem
332 3413 501 3487 capessierit
515 3431 575 3470 non
589 3430 684 3486 posse,
706 3412 730 3468 si
744 3428 843 3468 annus
856 3412 990 3484 proxime
1004 3426 1132 3482 sequens
1149 3407 1237 3466 fuerit

142 3495 311 3568 bissextilis,
325 3496 422 3554 valide
435 3495 563 3569 profiteri
577 3496 633 3552 nisi
648 3509 682 3569 25
692 3493 903 3566 februariilta,
911 3504 977 3568 post
988 3494 1074 3564 alioS,
1081 3491 1236 3550 Schmalz·

143 3581 270 3654 grueber
282 3581 344 3639 inl.
357 3597 384 3655 3,
400 3589 421 3638 t.
435 3596 480 3654 31,
501 3599 533 3638 n.
547 3580 594 3653 69.

189 3727 219 3768 2.
237 3705 275 3767 Ia
292 3701 589 3787 Congregationibas
613 3702 767 3786 religiosis
791 3701 893 3764 etiam
915 3723 981 3766 non
1009 3701 1144 3765 brevior
1166 3721 1234 3767 uno

148 3806 238 3849 anno
254 3789 433 3850 consuevit
454 3787 540 3866 exigi
567 3785 731 3868 probatio.
747 3785 885 3847 Sanctio
907 3792 1019 3848 tamen
1035 3785 1236 3849 Tridentina

146 3869 311 3933 nullitatis
323 3870 389 3932 huc
403 3889 470 3933 non
483 3879 535 3930 est
547 3868 791 3945 transferenda,
806 3887 867 3929 nec
880 3867 1095 3949 agnoscenda
1107 3874 1159 3930 est
1171 3868 1236 3933 nisi

148 3951 284 4014 aliunde
298 3958 431 4014 constet
444 3972 518 4015 eam
534 3971 607 4013 esse
620 3950 820 4033 appositam.
835 3949 904 4013 Cfr.
919 3950 1028 4013 Bouix
1040 3955 1066 4013 t.
1083 3974 1109 4028 1,
1120 3971 1152 4034 p.
1163 3968 1234 4035 577,

150 4034 168 4116 ἓ
186 4055 235 4112 11,
254 4054 356 4115 quam
370 4043 485 4099 tamen
501 4035 753 4118 paragraphum
768 4053 833 4094 non
850 4052 890 4095 ex
906 4039 977 4095 toto
992 4033 1188 4115 probamus.

177 4306 186 4341 t
197 4303 287 4353 Nobis
298 4310 390 4353 tamen
400 4318 456 4352 non
468 4309 573 4352 constat
584 4302 688 4351 litteras
700 4301 765 4350 istas
774 4299 909 4359 respicere
924 4299 960 4349 ad
978 4297 1142 4347 monasteria
1160 4304 1236 4348 extra

149 4363 268 4412 Italiam.
289 4365 359 4412 Sunt
379 4363 452 4410 enim
464 4362 555 4410 italice
571 4361 697 4420 scriptae.
710 4373 761 4406 nec
776 4359 810 4406 de
828 4359 880 4423 ista
890 4356 1056 4423 obligatione
1067 4370 1156 4406 sermo
1166 4356 1197 4406 fit
1207 4356 1236 4406 in

150 4434 264 4470 romana
272 4419 393 4469 editione
405 4426 537 4468 tractatus
545 4417 739 4467 DeManiatibas
750 4417 793 4464 Fr.
807 4417 944 4464 Pellrzarr.

177 4493 188 4529 2
202 4493 306 4540 Contra
316 4497 409 4540 tamen
421 4489 534 4552 Pirhing
545 4489 582 4548 in,
594 4491 611 4538 l.
626 4497 648 4546 3,
660 4494 679 4537 t.
694 4496 731 4545 31,
740 4502 767 4536 n.
781 4494 858 4536 3638.

1154 4582 1170 4634 8

1305 1048 1446 1096 Novitiatas
1469 1058 1470 1061 ’

1282 1108 1393 1167 spatium.

1320 1560 1444 1620 Suspensio

1285 1619 1424 1667 novitiatus.

1288 2685 1445 2744 Annurquis·

1287 2745 1449 2790 namsitrom·

1286 2801 1369 2862 pietur.

1318 2882 1381 2944 Quid
1395 2884 1419 2929 si

1288 2941 1428 2990 bissextilis.

1319 3733 1383 3795 Quid
1393 3736 1418 3782 in

1288 3795 1450 3898 congregatqq:

1286 3851 1373 3966 m,
1393 3865 1417 3897 re
