3148 5004
224 1336 325 1412 Lata,
340 1331 391 1394 die
405 1351 423 1412 7
440 1330 512 1412 cleo.
530 1347 621 1410 1900,
635 1319 1047 1408 Constitutioqelcorzditae
1062 1319 1269 1406 aClrristonde

181 1464 427 1546 Religiosorum
443 1431 611 1521 Institutis
628 1459 709 1516 vota
725 1452 887 1536 simplicia
902 1452 1147 1534 profitentium,
1165 1451 1269 1514 veluti

179 1617 272 1660 nova
287 1595 378 1680 Juris
403 1590 571 1673 regularis
593 1592 688 1651 aetas
712 1587 808 1648 nobis
833 1584 906 1647 visa
932 1590 983 1648 est
1009 1579 1167 1654 exordiri.
1192 1636 1195 1642 ,

221 1723 514 1802 Hactenus'enim,
533 1717 697 1804 quotquot
710 1725 863 1782 nostrum
879 1724 1116 1800 argumentum
1131 1738 1270 1782 versare

185 1859 405 1924 instituerunt
431 1821 602 1918 uberiores
635 1857 733 1914 erant
760 1851 802 1912 ad
832 1850 1008 1914 dicendum
1038 1850 1079 1913 cle
1108 1850 1271 1932 religiosis

183 1991 374 2068 Ordinibus,
397 1989 548 2072 jejunam
564 2005 645 2048 vero
668 1985 707 2046 de
724 1983 1033 2064 Congregationum
1049 1983 1272 2048 varietatibus

167 2121 424 2204 cognitionem,
441 2119 483 2182 ob
501 2119 609 2201 ipsam
624 2115 767 2204 fontium
782 2115 1012 2196 exiguitatem,
1029 2117 1164 2179 tradere
1184 2117 1272 2178 sole·

184 2255 277 2318 bant.
295 2255 394 2317 Nunc
410 2221 537 2326 autem,
555 2251 588 2312 in
611 2249 742 2311 delecta
759 2247 884 2310 Christi
908 2248 991 2325 acie,
1017 2267 1116 2328 quem
1133 2236 1289 2328 quisque

138 2409 154 2434 -κ-
186 2385 385 2447 condicione
400 2382 512 2445 locum
528 2386 653 2458 teneat,
670 2387 829 2442 accurate
842 2379 922 2463 ipsis
934 2380 1140 2444 authenticis
1156 2399 1273 2444 monu·
1356 2451 1360 2458 ,

108 2477 128 2605 ,⁵
192 2499 314 2604 mentis
341 2511 563 2576 demonstrari
581 2510 652 2593 jam
674 2513 776 2576 valet.

231 2647 355 2729 Quare,
381 2642 526 2705 recentis
548 2641 629 2722 legis
646 2642 807 2704 beneficio
834 2641 897 2720 usi,
929 2643 993 2706 hoc
1017 2650 1136 2706 nostro
1159 2664 1273 2728 opere,

187 2779 431 2860 qualecumque
457 2775 512 2844 sit,
538 2775 616 2855 quid
643 2775 791 2838 omnium
818 2775 1066 2858 Religiosorum
1089 2749 1276 2842 cummunis

186 2908 287 2986 ratio,
318 2907 396 2989 quid
427 2907 562 2989 propria
596 2905 805 2986 singulorum
841 2927 1005 2988 generum
1044 2908 1159 2988 ferret,
1199 2909 1277 2991 quid

192 3040 325 3103 demum
344 3042 441 3124 juris,
466 3040 545 3125 quid
560 3039 660 3103 officii
677 3046 747 3103 tam
764 3040 989 3121 Regularibus
1009 3061 1109 3122 quam
1133 3043 1277 3106 alumnis

192 3175 351 3231 votorum
371 3153 569 3255 simplicium
588 3177 808 3252 competeret,
836 3170 906 3233 fere
922 3170 1142 3252 aequabiliter
1163 3193 1278 3242 sumus

190 3301 374 3384 persecuti.
424 3277 425 3282 ἵ

230 3435 300 3497 Nec
319 3433 567 3526 ecclesiasticae
583 3440 717 3506 tantum
731 3435 813 3517 legis
830 3455 890 3498 seu
905 3435 968 3498 fori
982 3433 1159 3526 exterioris
1176 3432 1279 3531 ratio·

192 3586 267 3658 nem
290 3567 510 3649 respeximus,
535 3527 593 3629 sed
617 3569 778 3630 moralem
811 3568 921 3646 simul,
946 3565 1114 3629 artissime
1148 3565 1182 3628 in
1215 3567 1281 3632 hae

193 3718 296 3760 causa
308 3673 406 3762 alteri
423 3698 651 3780 conjunctam,
671 3700 832 3772 ‚inivimus
852 3700 1170 3782 investigationem„
1181 3700 1228 3790 ita
1244 3707 1281 3765 ut

191 3834 361 3915 tractatus
376 3827 620 3892 inscriberetur
636 3829 954 3895 Geronton-Merulae.
1061 3801 1064 3806 .

234 3959 326 4043 Opus
343 3980 443 4043 porro
460 3967 616 4024 nostrum
631 3961 717 4044 binis
734 3963 923 4043 concrescit
939 3963 1039 4028 tomis
1056 3965 1078 4045 ²,
1098 3966 1160 4047 qui·
1170 3972 1283 4030 tamen

194 4092 375 4178 'separatim
391 4098 559 4176 prostant.
607 4166 611 4172 ¹

235 4227 344 4304 Prior,
361 4225 404 4288 ad
416 4244 525 4288 -usum
550 4226 756 4306 scholarum,
773 4229 821 4291 ita
836 4236 888 4291 est
911 4229 1109 4308 adornatus,
1126 4235 1164 4292 ut
1186 4229 1285 4292 unius

225 4447 233 4483 1
249 4447 361 4496 Praeter
371 4446 539 4508 peculiarem
550 4448 592 4497 De
603 4447 740 4498 Societate
750 4449 814 4503 Jesu
825 4447 995 4500 fasciculum.

450 4783 558 4867 80⁶2
