3148 5004
2 490 8 519 l

137 433 233 516 [164]
454 456 491 496 ou
506 455 675 492 aourssroarr
689 455 719 490 111
736 455 919 492 necromanti-
939 483 940 488 ,
1050 473 1052 478 -
1190 433 1229 502 99

133 613 195 656 eae
212 611 299 672 quae
315 592 421 658 choro
444 591 648 655 addicuntur
670 599 704 655 et
722 603 1082 670 'sorores'conversae,
1107 592 1229 656 saltem
1331 595 1332 606 ’

134 695 222 757 quae
251 694 332 744 vere
361 684 440 737 sunt
467 675 639 755 professae
662 672 881 738 et'clausura
911 675 1094 756 obligatae.
1121 673 1229 751 Aliae,

134 778 222 839 quae
251 758 285 820 in
311 757 491 840 Tertiariis
509 765 601 820 ‘sunt
631 757 828 820 referendae
855 765 889 821 et
914 757 1080 823 immunes
1108 778 1128 818 a
1155 757 1230 837 lego

135 846 315 910 clausurae
328 839 437 903 minus
449 841 608 902 videntur
624 860 698 904 esse
714 840 750 903 S.
765 840 843 903 Sedi
855 847 1028 922 acceptae.
1043 839 1113 902 Cfr.
1127 859 1161 901 v.
1175 857 1230 919 gr.-

135 923 172 986 S.
191 923 231 986 C.
248 923 320 987 EE.
338 928 372 985 et
390 924 463 985 RR.
481 923 514 984 in
531 923 862 1004 Gratianopolitana,
875 923 938 1005 jul.
960 943 1048 1004 1703,
1076 921 1229 984 Bizzarri

161 1052 169 1070 .
213 1011 261 1070 18.
1165 1044 1172 1075 ,ι
1225 1045 1229 1074 :

136 1026 157 1088 p
179 1027 210 1152 23.
233 1090 308 1151 Non
322 1106 402 1150 raro
418 1087 556 1150 nomina
572 1109 582 1150 τ
596 1087 831 1165 Cannarsoram,
849 1087 1103 1165 Commissaruar,
1120 1086 1228 1147 Dona·
1284 1097 1374 1166 Latiar
1391 1110 1445 1144 usus

136 1176 249 1238 taram,
279 1169 472 1248 oblatorum,
502 1169 690 1250 promiscue
706 1177 915 1250 usurpantur
937 1172 979 1233 ad
1004 1169 1230 1250 designandos
1284 1169 1415 1204 nominum.
1462 1181 1466 1193 ·

136 1254 262 1318 fratres
272 1255 377 1315 laicos
388 1273 468 1315 vere
484 1252 619 1315 Ordinis
635 1253 818 1333 professos
835 1254 888 1317 Ita
904 1274 938 1316 v.
956 1273 1007 1334 gr.
1025 1253 1058 1315 in
1081 1254 1229 1316 Decreta

136 1336 221 1400 Ben.
245 1351 315 1413 xrv,
333 1357 370 1399 21
395 1342 494 1399 mart.
524 1355 599 1416 1747
628 1336 805 1414 (Bizzarri,
834 1356 866 1418 p.
893 1340 1063 1418 407-409);
1081 1341 1115 1396 et
1138 1353 1228 1417 resp.

137 1417 173 1480 S.
191 1417 318 1499 Congr.
341 1439 377 1481 12
389 1419 452 1500 jul.
470 1439 546 1499 1793
566 1419 672 1498 (Bizz.
691 1439 722 1500 p.
736 1441 809 1501 443.
826 1423 915 1501 444).

392 1617 587 1665 nnrrcoaus
609 1619 632 1664 1.
657 1604 698 1668 lle
721 1601 859 1684 lepitinra
875 1599 988 1666 aelale'

137 1768 308 1837 Passeriar',
326 1770 535 1826 lle'Horniaara
552 1773 682 1840 statibus,
702 1773 721 1826 t.
738 1774 762 1836 3,
779 1785 805 1838 p.
823 1774 871 1835 93;
883 1773 1009 1838 suarez,
1024 1771 1061 1825 De
1080 1770 1228 1836 Relialoae,

172 1851 206 1904 tr.
219 1853 242 1914 7,
254 1851 271 1904 l.
283 1855 307 1916 5,
320 1868 345 1908 c.
358 1854 390 1918 3;
403 1854 421 1908 l.
433 1856 458 1921 6,
473 1869 496 1908 c.
509 1857 699 1926 33P1'r111'np,
712 1855 742 1908 in
754 1856 772 1908 l.
784 1858 808 1919 3,
821 1851 846 1910 t:
855 1857 896 1917 31,
908 1868 934 1907 n.
947 1855 987 1907 26.
999 1854 1047 1918 27;
1065 1855 1231 1909 Schmalz-

170 1933 318 1998 praelier,
331 1933 361 1984 ln
379 1932 397 1988 l.
410 1935 434 1998 3,
447 1933 466 1986 t.
478 1935 518 1995 31,
531 1947 558 1986 n.
570 1936 610 1986 44.
628 1936 677 1999 453
695 1934 906 2000 Reiftenstuel,
920 1933 951 1985 ln
970 1933 987 1985 l.
1006 1934 1030 1995 3,
1043 1932 1061 1984 t.
1080 1934 1121 1996 31,
1133 1946 1159 1985 n.
1180 1931 1231 1995 68;

171 2009 364 2078 Pellizarr'us,
376 2013 515 2077 Manuale,
529 2013 581 2066 eto.
594 2013 628 2066 tr.
640 2015 664 2075 3,
678 2027 700 2066 o.
712 2015 734 2076 1,
746 2026 773 2065 n.
785 2014 832 2076 40;
846 2014 997 2068 rraeraras
1010 2011 1041 2066 de
1053 2005 1230 2070 Martialibus,

173 2101 196 2139 a.
208 2088 232 2151 2,
245 2102 272 2141 n.
287 2090 324 2141 17.
339 2089 383 2154 18;
400 2092 558 2159 flotarius,
574 2091 663 2146 Tlreol.
675 2087 746 2146 mor.
761 2091 848 2159 repat.
862 2090 880 2142 l.
892 2092 916 2152 4,
929 2104 952 2143 c.
964 2092 988 2150 4,
998 2104 1025 2143 n.
1040 2089 1227 2153 48;Bou1'x,

171 2166 212 2220 Da
220 2169 284 2235 jare
295 2169 485 2236 donatoriam,
493 2170 512 2221 t.
522 2171 544 2230 1,
553 2183 579 2236 p.
589 2171 645 2222 533.
655 2171 716 2232 554;
728 2168 878 2235 Melatlle
891 2165 1042 2222 Ordinibus
1054 2169 1080 2220 et
1094 2167 1226 2231 Canama.

170 2259 198 2298 n.
217 2248 267 2312 70;
284 2249 359 2314 Piat,
378 2247 648 2314 Praeleclioaesjar.
667 2264 724 2316 rea.
743 2249 763 2300 t.
774 2250 796 2311 1,
813 2261 839 2314 p.
857 2248 898 2300 80.
917 2247 947 2299 81
959 2257 966 2309 ;
979 2247 1119 2314 Aaqelus
1141 2259 1158 2298 a
1177 2245 1228 2299 SS.

174 2327 283 2394 Corde,
296 2328 437 2394 Manuale,
450 2328 502 2380 eto.
515 2327 534 2380 t.
548 2329 570 2390 1,
581 2341 609 2394 p.
624 2328 717 2390 70-72;
736 2327 889 2394 Bizzarrl,
904 2326 1077 2398 Collectaaea
1087 2335 1094 2388 ;
1106 2326 1229 2379 Nerva-

172 2415 243 2475 qaa,
256 2407 295 2461 De
302 2406 369 2473 jnre
375 2405 506 2474 practico
519 2405 709 2473 Repalarr'ara,
721 2419 746 2472 p.
759 2406 844 2458 91-972
860 2422 870 2439 ·

162 2563 270 2628 164.
298 2584 324 2626 1.
349 2564 402 2625 Ex
419 2562 493 2644 jare
515 2568 644 2625 naturae
665 2569 699 2624 et
731 2560 951 2639 Decretaliura,
977 2581 1018 2624 ea
1044 2560 1228 2641 requiritur
1283 2580 1358 2625 Acras
1376 2580 1446 2645 noar·

138 2652 233 2707 aetas
256 2646 435 2727 cooptandi
450 2645 485 2706 in
507 2645 672 2708 novitium
689 2664 755 2726 qua
777 2646 906 2708 utiliter
920 2645 992 2708 lieri
1009 2645 1115 2726 possit
1131 2645 1228 2706 novi·
1284 2639 1448 2696 nnuman·

140 2728 243 2790 tiatus
256 2729 425 2810 probatio
1283 2699 1448 2800 sseiiiiiiriri

175 2831 255 2889 Huic
262 2833 322 2909 juri
333 2833 459 2890 minime
469 2842 625 2906 repugnat,
637 2845 740 2890 contra
750 2834 959 2906 atqueopinati
973 2843 1043 2890 sunt
1056 2833 1193 2890 nonnulli
1205 2845 1226 2905 1,

140 2915 290 2974 decretum
305 2916 515 2974 Tridentinum
538 2935 564 2974 c.
591 2931 622 2992 15
645 2927 674 2974 et
695 2917 737 2988 16,
752 2935 776 2974 s.
801 2931 835 2990 25
860 2914 906 2975 De
925 2911 1141 2994 Regularr'bas,
1167 2927 1230 2991 quo‘

141 2998 313 3072 professioni
333 2999 506 3074 praefinitur
531 3011 613 3058 aetas
632 3019 692 3058 non
713 3001 812 3058 minor
832 3001 864 3058 16
882 3019 1042 3072 annorum,
1064 3012 1094 3058 et
1112 3011 1229 3060 vetatur

140 3102 190 3154 ne,
201 3085 266 3140 sine
274 3084 355 3160 justa
368 3103 468 3156 causa,
487 3099 606 3159 peracto
615 3087 770 3156 novitiatu,
783 3087 1035 3159 procrastinentur
1048 3096 1126 3144 vota.
1142 3087 1228 3160 Justa

140 3169 221 3226 enim
233 3186 323 3225 causa
332 3168 385 3227 erit
395 3169 527 3226 defectus
537 3171 642 3227 aetatis
652 3171 683 3226 in
694 3188 729 3226 eo
741 3171 791 3242 qui
802 3181 871 3227 ante
882 3171 1025 3243 peregerit
1035 3171 1227 3228 novitiatum.

140 3250 185 3309 Ita
199 3251 332 3324 Pirhing,
347 3253 377 3309 in
391 3254 410 3310 l.
426 3269 453 3326 3,
469 3263 489 3309 t.
505 3269 549 3326 31,
567 3271 597 3310 n.
612 3253 665 3324 26;
686 3253 962 3327 Schmalzgrueber,
984 3254 1049 3310 eod.
1067 3272 1097 3310 n.
1109 3270 1156 3327 44.
1170 3267 1205 3328 45
1217 3259 1230 3323 ;’

139 3335 333 3395 Reiffenstuel
349 3337 414 3394 eod.
430 3355 460 3393 n.
475 3337 521 3407 63,
536 3346 638 3393 contra
655 3337 731 3407 Piat,
747 3348 768 3395 t.
784 3354 810 3405 1,
824 3355 855 3410 p.
869 3338 914 3393 81.

182 3457 212 3498 2.
226 3435 280 3496 Ex
291 3433 428 3496 decreto
451 3433 566 3495 Sacrae
582 3433 698 3515 Congr.
721 3434 941 3516 Episcoporam
957 3438 985 3493 el
1006 3429 1223 3514 Regularr'am,
1306 3445 1446 3494 Exaecrero

140 3538 179 3595 23
205 3516 284 3579 maii
311 3522 399 3595 1659,
418 3515 561 3576 mulares
584 3536 650 3578 non
681 3525 823 3598 possunt
846 3515 996 3597 cooptari
1023 3515 1056 3576 in
1081 3515 1226 3577 novitias
1282 3507 1445 3608 {lfjgfffl

139 3599 312 3680 religionis
335 3600 454 3661 stricte
480 3599 558 3660 talis
587 3599 649 3660 nisi
676 3617 710 3678 15
735 3619 843 3661 annos
871 3598 1092 3681 expleverint.
1116 3597 1227 3679 (Apud
1346 3589 1358 3609 “
1391 3598 1396 3609 '

139 3682 308 3760 Ferraria
329 3680 542 3753 v.1lforrr'alr's,
560 3689 625 3743 art.
644 3698 667 3760 1,
685 3702 720 3743 n.
736 3688 802 3760 72.)

182 3787 212 3844 3.
236 3766 290 3827 Ex
313 3765 449 3825 decreto
466 3763 500 3826 S.
519 3763 775 3846 Congregalr'onr's
796 3769 884 3845 saper
904 3769 987 3826 stata
1008 3761 1225 3844 Regularr'ura,
1304 3781 1445 3856 Egdecrao

143 3852 179 3910 16
196 3848 274 3910 maii
295 3852 384 3926 1675,
403 3866 501 3909 nemo
518 3867 539 3907 a
553 3845 778 3927 Regularibus
794 3867 909 3928 presse
925 3848 1048 3911 talibus
1065 3847 1224 3928 recipien.
1283 3846 1361 3946 '27³1
1385 3839 1446 3907 quoa

140 3929 202 3992 dus
215 3935 267 3991 est
283 3937 321 3991 ut
337 3928 463 3990 clericas
486 3937 668 4009 antequam
685 3932 904 4010 compleverit
923 3949 957 4010 15
975 3949 1083 3992 annos
1100 3929 1122 3992 ¹.
1283 3913 1297 3946 α
1340 3910 1445 3953 cemos,

145 4065 149 4074 ·
174 4034 307 4108 Apparet
326 4047 429 4092 tamen
443 4034 535 4107 ipsius
553 4035 660 4091 decreti
675 4046 775 4092 tenore
794 4045 923 4092 aetatem
946 4036 1034 4092 istam
1050 4034 1172 4091 indicari
1194 4044 1228 4090 ut

138 4117 282 4192 professio
305 4118 368 4175 fieri
387 4129 486 4191 posset
505 4129 572 4191 post
587 4118 656 4174 1612111
670 4136 797 4177 annum.
819 4119 918 4194 Quare
932 4121 956 4176 si
976 4121 1026 4194 qui
1041 4118 1177 4188 Ordines,
1194 4126 1227 4175 ut

138 4205 271 4264 Societas
281 4208 363 4282 jesu,
378 4205 534 4262 biennium
550 4205 751 4277 praescribant
761 4204 952 4277 probationis,
969 4213 1068 4261 nostra
1079 4202 1227 4260 sententia

168 4419 174 4454 ¹
186 4418 269 4479 Apud
282 4416 397 4468 Bizzari.
411 4432 437 4476 p.
452 4422 503 4470 305,
516 4417 571 4465 Clr.
584 4430 677 4475 supra,
690 4430 716 4464 n.
732 4413 800 4478 138,
813 4421 878 4464 nota
889 4433 910 4464 2.
