3134 5016
145 1153 201 1199 Atii
213 1153 292 1201 Tertii

132 1210 241 1262 Ordines.

144 1947 238 1994 Tertius
247 1940 292 1996 Or-

131 2005 161 2050 do
176 2019 217 2052 rur
231 2006 290 2052 dici·

131 2065 290 2112 furuerusOr·

132 2119 161 2166 do
170 2120 183 2167 i

158 2439 204 2486 Est
216 2454 275 2487 secu·

134 2495 202 2543 faris.

160 2661 209 2705 Sub
225 2659 291 2708 ductu

129 2718 230 2764 Ordinis
241 2734 276 2764 rr-

127 2775 255 2833 galerium.

157 2860 281 2908 Praecedit

131 2917 267 2977 Consrntrr-

130 2977 224 3022 nitatrs.

352 411 412 473 336
748 434 816 468 anns
831 433 917 468 noun.
934 432 1025 468 carus
1040 433 1050 468 1

348 567 397 622 ille
417 565 458 639 (S.
474 566 662 646 Franciscus)
677 569 896 643 ingrederetur:
912 587 967 626 nec
985 586 1051 626 raro
1070 587 1106 626 ex
1127 568 1252 642 oppidis,
1269 585 1305 624 ex
1320 566 1445 625 urbibus

348 647 596 723 frequentioribus
616 654 745 711 universi
769 654 936 726 promiscue
949 655 1028 710 cives
1047 653 1164 711 homini
1187 662 1272 710 erant
1294 653 1445 725 supplices

349 741 382 786 ut
395 749 426 788 se
439 735 527 791 vellet
540 735 571 792 in
591 737 778 810 disciplinam
799 739 853 795 rite
871 737 1013 812 accipere.
1036 736 1241 813 Quamobrem
1265 754 1355 794 causa
1370 743 1444 792 nata

346 824 390 871 est
408 816 471 872 viro
491 819 690 889 sanctissime,
711 838 763 877 cur
782 822 968 878 sodalitatem
995 818 1092 881 Tertii
1114 817 1241 880 Ordinis
1263 821 1439 888 institueret,

345 916 422 972 quae
434 918 558 960 omnem
573 904 732 962 hominum
748 897 966 976 condicionem,
982 923 1105 963 omnem
1122 915 1264 974 aetatem,
1279 913 1442 977 utrumque

345 1000 449 1040 sexum
472 987 624 1060 reciperet,
649 1006 704 1045 nec
729 987 859 1046 familiae
879 1007 1039 1064 rerumque
1060 989 1293 1046 domesticarum
1320 987 1441 1044 vincula

346 1066 536 1141 abrumperet
550 1082 559 1109 1
574 1093 599 1127 s.

380 1149 473 1209 Tertii
489 1147 609 1212 Ordinis
632 1155 825 1214 Dominicani
839 1159 935 1232 prima
948 1156 1032 1213 initia
1045 1155 1127 1213 fuere
1141 1152 1266 1214 Fratres
1278 1157 1306 1212 ei
1316 1149 1441 1222 Sorores

344 1228 379 1291 de
389 1231 506 1295 Militia
516 1234 734 1316 Jrsu-Chrisii,
748 1259 823 1314 quos
836 1241 977 1299 adversus
989 1235 1162 1318 Albigerrses
1175 1239 1323 1298 ordinavit
1334 1237 1366 1296 S.
1378 1235 1440 1295 Do·

345 1337 475 1376 mrmcus
487 1331 508 1379 ².
600 1384 603 1395 Ι

378 1401 421 1460 Ut
430 1403 550 1464 Tertius
562 1409 651 1464 alicui
665 1407 803 1466 instituto
817 1411 996 1486 adjungatur
1011 1404 1102 1481 Ordo,
1117 1427 1193 1482 opus
1206 1417 1250 1466 est
1264 1409 1439 1466 auctoritate

345 1485 376 1542 S.
396 1485 489 1546 Sedis

380 1569 472 1628 Porro
491 1571 610 1631 Tertius
628 1585 672 1632 est
691 1575 771 1633 Ordo
784 1577 1138 1647 Prasmonstratensium,
1165 1575 1305 1634 Fratrum
1319 1575 1437 1632 Praedi-

345 1664 490 1727 catorum‚
505 1659 732 1718 Carmelitarum
743 1670 764 1731 ³,
781 1661 981 1720 Eremitarum
993 1661 1024 1720 S.
1040 1661 1213 1734 Augustini,
1228 1660 1434 1730 Minimorum‚

345 1738 504 1799 Servorum
519 1742 554 1800 Β.
569 1744 612 1800 Μ.
628 1745 770 1819 Virginis
785 1743 1015 1804 'frinirariorum
1025 1757 1047 1804 4.
1062 1745 1217 1804 Tertiariis
1239 1744 1432 1802 assimulandi

345 1833 415 1879 sunt
430 1820 534 1884 oblati
546 1825 689 1888 secrrinres
701 1829 732 1888 S.
747 1830 899 1888 Benedicti
915 1839 936 1892 ⁵.

390 1925 477 1988 536.
492 1928 591 2004 Quae
604 1931 650 1990 sit
665 1931 756 1990 ratio
769 1949 810 1990 ac
823 1938 948 1998 natura
961 1931 1076 1992 Tertii
1092 1929 1238 1991 Ordinis
1252 1928 1435 1989 secularis.

341 2026 377 2068 .1.
399 2006 532 2070 Dicitur
558 2029 646 2072 verns
671 2010 757 2073 Ordo
784 2003 807 2088 ⁶,
836 2018 907 2074 tum
934 2012 1013 2093 quia
1039 2019 1091 2073 est
1118 2012 1293 2073 ordinatus
1319 2011 1436 2101 modus

346 2089 480 2152 vivendi
504 2093 663 2170 directus,
690 2114 756 2157 non
781 2095 915 2174 quidem
939 2097 982 2157 ad
1005 2093 1237 2174 evangelicam
1260 2092 1436 2174 perfectio·

346 2191 434 2250 nem,
459 2175 517 2235 sed
540 2177 582 2237 ad
600 2177 768 2258 justitiam
789 2177 1010 2240 christianam
1026 2176 1051 2254 ⁷,
1069 2185 1139 2238 tum
1157 2176 1235 2256 quia
1251 2175 1436 2257 approbata

346 2257 475 2334 regula,
493 2259 671 2335 novitiatu,
690 2260 909 2341 professione,
926 2261 1044 2322 habitu
1061 2257 1222 2339 peculiari
1233 2257 1434 2320 exteriorem

347 2337 499 2400 imitatur
516 2340 651 2402 Ordinis
668 2343 813 2422 religiosi
829 2343 1009 2406 rationem.
1029 2341 1098 2404 Cir.
1117 2363 1148 2402 n.
1167 2342 1221 2404 62.

388 2441 417 2480 2.
434 2420 499 2483 Sed
512 2422 603 2484 Ordo
616 2431 666 2484 est
682 2425 838 2494 secularis,
856 2445 975 2488 carens
987 2425 1134 2488 essentia
1146 2433 1256 2485 status
1270 2422 1435 2500 religiosi:

345 2500 505 2564 deficiunt
522 2506 660 2567 consilia
683 2509 890 2586 evangelica,
915 2508 1076 2588 obligatio
1093 2508 1230 2586 regulae
1252 2507 1304 2564 vel
1320 2523 1434 2592 perse·

345 2587 519 2666 verantiae
536 2587 568 2647 iii
593 2588 812 2668 professione,
834 2610 895 2651 nec
919 2593 986 2670 ulla
1002 2598 1084 2652 vota
1106 2589 1179 2651 fieri
1200 2595 1276 2678 sunt
1292 2587 1391 2676 solita
1406 2573 1432 2646 ⁸.

390 2686 420 2741 3.
449 2667 513 2728 Sub
535 2668 628 2730 ductu
651 2670 780 2732 Ordinis
801 2671 955 2754 regularis
981 2677 1083 2754 presse
1105 2669 1190 2748 dr'cti,
1213 2688 1282 2730 sive
1305 2686 1435 2748 primae

346 2751 417 2812 sive
436 2750 555 2811 tertiae
572 2755 720 2832 regulae.
1088 2789 1091 2794 ·
1146 2803 1148 2807 ,
1278 2763 1287 2774 “

386 2857 418 2914 4.
442 2833 584 2896 Nomine
608 2836 709 2910 igitur
732 2856 771 2898 ac
788 2856 824 2899 re
839 2836 946 2900 Tertii
970 2836 1112 2898 Ordines
1136 2835 1389 2915 distinguuntur
1415 2853 1435 2893 a

346 2915 691 2979 Confraternitatibus
704 2920 897 3000 habentque
910 2927 1109 3002 perpetuum
1125 2917 1337 3009 privilegium
1352 2917 1435 3008 istas

345 2999 564 3080 collegialiter
573 3001 648 3079 (sub
661 3003 796 3084 propria
808 3003 917 3066 Cruce
926 3022 965 3063 ac
978 3009 1073 3064 veste
1087 3001 1252 3063 sodalium
1266 3000 1434 3092 uniformi)

339 3082 554 3161 praecedendi,
579 3084 612 3145 in
640 3085 923 3164 processionibus
952 3091 1017 3146 etc.
1046 3084 1142 3167 Quod
1170 3084 1357 3174 formaliter
1381 3092 1434 3173 est

345 3165 553 3227 declaratum
568 3166 607 3226 de
619 3166 744 3229 Tertiis
760 3167 941 3230 Ordinibus
955 3166 990 3230 S.
1004 3167 1188 3243 Francisci,
1204 3164 1239 3227 S.
1253 3166 1432 3241 Dominrei,

346 3247 616 3311 Carmelitarum.
645 3249 716 3312 Clr.
744 3250 780 3314 S.
805 3251 877 3314 Rit.
906 3250 1013 3329 Cong.
1040 3250 1135 3312 Derr.
1163 3246 1251 3310 arith.
1279 3268 1314 3310 n.
1341 3251 1430 3326 3664.

344 3351 438 3411 3794·
457 3350 550 3410 3795·
568 3338 660 3411 3819·
677 3354 770 3414 4012.

372 3611 379 3644 ¹
393 3610 423 3658 C.
437 3612 458 3657 Α
464 3613 576 3670 aspirato,
591 3627 617 3669 17
628 3619 696 3671 sept.
711 3622 776 3664 1882.
789 3615 866 3662 Idem
876 3619 967 3663 autem
981 3613 1116 3670 Pontifex,
1129 3614 1160 3662 C.
1172 3613 1324 3668 Misericors,
1337 3619 1365 3660 23
1373 3610 1433 3670 jun.

344 3674 408 3723 istis,
421 3682 507 3716 novas
518 3670 606 3717 eidem
618 3671 715 3720 Ordlni
726 3673 881 3732 praestituit
893 3674 972 3734 leges.

368 3739 378 3770 ²
391 3736 524 3796 Hilarius,
538 3754 582 3798 op.
595 3755 619 3789 c.
632 3756 658 3800 p.
672 3748 708 3799 57,
724 3757 785 3804 sqq.

368 3805 379 3840 3
392 3807 484 3866 Hujus
494 3809 577 3857 etiarn
588 3811 660 3859 tertii
673 3812 785 3860 Ordinis
796 3818 859 3874 apte
871 3819 1021 3874 temperata
1031 3818 1072 3860 est
1084 3812 1188 3873 regula,
1201 3819 1214 3859 8
1222 3811 1279 3871 J'an.
1294 3817 1359 3857 1883.

367 3878 377 3910 ⁴
389 3875 444 3924 Cfr.
457 3878 661 3937 Kirrlrrnlrricon‚
673 3882 691 3929 1.
704 3896 728 3930 c.

368 3949 378 3982 ⁵
389 3947 424 3996 V.
436 3963 475 4007 gr.
490 3950 518 3997 iri
530 3952 744 4013 congregatione
755 3953 919 4004 cassinensi.

368 4024 425 4070 ⁶0.
441 4022 584 4070 Benedicti
609 4038 655 4072 xiii
678 4025 785 4072 Paterna
806 4025 875 4074 Scitis
895 4027 1053 4085 apostoticae,
1077 4043 1103 4072 ιο
1124 4023 1183 4089 dec.
1207 4029 1262 4078 1725
1272 4035 1284 4087 ;‚
1296 4022 1353 4086 Leo
1373 4033 1433 4077 xiii,

339 4093 352 4136 7
361 4079 410 4139 jul.
427 4088 481 4127 1883
494 4081 522 4128 in
533 4081 675 4129 audientia
686 4082 865 4140 Superiorum
876 4085 1043 4144 generalium
1055 4083 1167 4132 Ordinis
1178 4079 1323 4139 seraphici.

366 4151 377 4186 ⁷
396 4152 452 4197 «ln
471 4152 600 4199 curandis
618 4151 796 4206 iesu-christi
812 4157 947 4216 praereptis,
964 4155 1088 4203 instituta
1104 4151 1278 4201 franciscalia
1298 4155 1355 4197 tota
1369 4159 1434 4197 sunt

339 4208 439 4268 posita.
455 4226 464 4253 r
479 4211 509 4257 C.
523 4211 665 4258 Misericors
677 4211 724 4258 Dei
734 4211 823 4258 Filius.
1245 4217 1248 4222 '

366 4282 420 4328 8tn
432 4281 526 4329 Tertio
538 4282 641 4330 Ordine
653 4281 1100 4331 Carmelitarumemittunturvota
1108 4281 1244 4342 quaedam
1258 4275 1432 4326 obedientiae

339 4338 511 4441 etqastitatis
522 4340 557 4386 ad
575 4347 746 4398 praesentem
764 4349 866 4388 starum
884 4349 988 4400 aptata,
1011 4355 1081 4401 quae
1100 4339 1258 4389 dimissione
1274 4335 1310 4385 ab
1326 4335 1432 4383 Ordine

341 4409 375 4442 au
389 4407 510 4444 eruntur.
