<?xml version="1.0" encoding="UTF-8"?>
<!DOCTYPE html PUBLIC "-//W3C//DTD XHTML 1.0 Transitional//EN"
    "http://www.w3.org/TR/xhtml1/DTD/xhtml1-transitional.dtd">
<html xmlns="http://www.w3.org/1999/xhtml" xml:lang="en" lang="en">
 <head>
  <title>
</title>
<meta http-equiv="Content-Type" content="text/html;charset=utf-8" />
  <meta name='ocr-system' content='tesseract 3.04.00' />
  <meta name='ocr-capabilities' content='ocr_page ocr_carea ocr_par ocr_line ocrx_word'/>
</head>
<body>
  <div class='ocr_page' id='page_1' title='image "./dereligiosisins00vermgoog_0048.png"; bbox 0 0 3148 5004; ppageno 0'>
   <div class='ocr_carea' id='block_1_1' title="bbox 160 462 1247 544">
    <p class='ocr_par' dir='ltr' id='par_1_1' title="bbox 160 462 1247 544">
     <span class='ocr_line' id='line_1_1' title="bbox 160 462 1247 544; baseline 0.006 -25"><span class='ocrx_word' id='word_1_1' title='bbox 160 463 292 544; x_wconf 79' lang='lat'><strong><em>[17·20]</em></strong></span> <span class='ocrx_word' id='word_1_2' title='bbox 328 485 365 520; x_wconf 82' lang='grc'><strong>22</strong></span> <span class='ocrx_word' id='word_1_3' title='bbox 379 483 484 520; x_wconf 81' lang='grc'><strong>222222</strong></span> <span class='ocrx_word' id='word_1_4' title='bbox 500 483 638 520; x_wconf 75' lang='grc'><strong>2222222222</strong></span> <span class='ocrx_word' id='word_1_5' title='bbox 654 483 788 527; x_wconf 74' lang='lat' dir='ltr'><strong>nonnus,</strong></span> <span class='ocrx_word' id='word_1_6' title='bbox 805 483 941 520; x_wconf 75' lang='grc'><strong>2222222222</strong></span> <span class='ocrx_word' id='word_1_7' title='bbox 956 484 991 519; x_wconf 81' lang='lat' dir='ltr'><strong>ur</strong></span> <span class='ocrx_word' id='word_1_8' title='bbox 1006 485 1091 521; x_wconf 81' lang='grc'><strong>2222.</strong></span> <span class='ocrx_word' id='word_1_9' title='bbox 1208 462 1247 525; x_wconf 82' lang='grc'><strong>23</strong></span> 
     </span>
    </p>
   </div>
   <div class='ocr_carea' id='block_1_2' title="bbox 91 618 1248 3010">
    <p class='ocr_par' dir='ltr' id='par_1_2' title="bbox 91 618 1248 1343">
     <span class='ocr_line' id='line_1_2' title="bbox 159 618 1247 702; baseline -0.002 -18"><span class='ocrx_word' id='word_1_10' title='bbox 159 622 217 684; x_wconf 87' lang='grc'><strong>2222</strong></span> <span class='ocrx_word' id='word_1_11' title='bbox 243 619 443 702; x_wconf 85' lang='lat' dir='ltr'>religionum</span> <span class='ocrx_word' id='word_1_12' title='bbox 468 627 686 683; x_wconf 84' lang='lat' dir='ltr'><strong>excusantur.</strong></span> <span class='ocrx_word' id='word_1_13' title='bbox 704 621 750 683; x_wconf 89' lang='lat' dir='ltr'><strong>Et</strong></span> <span class='ocrx_word' id='word_1_14' title='bbox 772 620 799 682; x_wconf 88' lang='lat' dir='ltr'><strong>si</strong></span> <span class='ocrx_word' id='word_1_15' title='bbox 816 641 836 681; x_wconf 90' lang='grc'><strong>2</strong></span> <span class='ocrx_word' id='word_1_16' title='bbox 852 619 1059 682; x_wconf 81' lang='lat' dir='ltr'>dioecesanis</span> <span class='ocrx_word' id='word_1_17' title='bbox 1082 618 1247 702; x_wconf 89' lang='lat' dir='ltr'><strong>episcopis</strong></span> 
     </span>
     <span class='ocr_line' id='line_1_3' title="bbox 160 702 1247 783; baseline -0.001 -18"><span class='ocrx_word' id='word_1_18' title='bbox 160 705 312 766; x_wconf 87' lang='lat' dir='ltr'><strong>totaliter</strong></span> <span class='ocrx_word' id='word_1_19' title='bbox 327 705 381 766; x_wconf 86' lang='lat' dir='ltr'><strong>vel</strong></span> <span class='ocrx_word' id='word_1_20' title='bbox 396 725 439 765; x_wconf 88' lang='lat' dir='ltr'><strong>ex</strong></span> <span class='ocrx_word' id='word_1_21' title='bbox 454 711 551 783; x_wconf 89' lang='lat' dir='ltr'><strong>parte</strong></span> <span class='ocrx_word' id='word_1_22' title='bbox 576 718 656 765; x_wconf 89' lang='lat' dir='ltr'><strong>sunt</strong></span> <span class='ocrx_word' id='word_1_23' title='bbox 678 703 835 783; x_wconf 82' lang='lat' dir='ltr'><strong>exempti,</strong></span> <span class='ocrx_word' id='word_1_24' title='bbox 859 702 1053 782; x_wconf 86' lang='lat' dir='ltr'>obligantur</span> <span class='ocrx_word' id='word_1_25' title='bbox 1076 711 1188 764; x_wconf 90' lang='lat' dir='ltr'><strong>tamen</strong></span> <span class='ocrx_word' id='word_1_26' title='bbox 1204 703 1247 764; x_wconf 94' lang='lat' dir='ltr'><strong>ad</strong></span> 
     </span>
     <span class='ocr_line' id='line_1_4' title="bbox 159 785 1247 865; baseline 0.001 -18"><span class='ocrx_word' id='word_1_27' title='bbox 159 787 382 850; x_wconf 92' lang='lat' dir='ltr'><strong>obediendum</strong></span> <span class='ocrx_word' id='word_1_28' title='bbox 399 787 436 854; x_wconf 86' lang='lat' dir='ltr'><strong>S.</strong></span> <span class='ocrx_word' id='word_1_29' title='bbox 452 786 620 863; x_wconf 86' lang='lat' dir='ltr'><strong>Pontifici,</strong></span> <span class='ocrx_word' id='word_1_30' title='bbox 639 805 706 848; x_wconf 91' lang='lat' dir='ltr'><strong>non</strong></span> <span class='ocrx_word' id='word_1_31' title='bbox 719 787 826 848; x_wconf 88' lang='lat' dir='ltr'><strong>solum</strong></span> <span class='ocrx_word' id='word_1_32' title='bbox 843 785 876 846; x_wconf 86' lang='lat' dir='ltr'><strong>in</strong></span> <span class='ocrx_word' id='word_1_33' title='bbox 893 785 944 846; x_wconf 92' lang='lat' dir='ltr'><strong>his</strong></span> <span class='ocrx_word' id='word_1_34' title='bbox 961 804 1046 865; x_wconf 88' lang='lat' dir='ltr'><strong>quae</strong></span> <span class='ocrx_word' id='word_1_35' title='bbox 1062 794 1142 846; x_wconf 88' lang='lat' dir='ltr'><strong>sunt</strong></span> <span class='ocrx_word' id='word_1_36' title='bbox 1158 803 1247 848; x_wconf 88' lang='lat' dir='ltr'><strong>com·</strong></span> 
     </span>
     <span class='ocr_line' id='line_1_5' title="bbox 159 867 1248 949; baseline -0.004 -17"><span class='ocrx_word' id='word_1_37' title='bbox 159 869 275 932; x_wconf 85' lang='lat' dir='ltr'><strong>munia</strong></span> <span class='ocrx_word' id='word_1_38' title='bbox 288 869 374 946; x_wconf 87' lang='lat' dir='ltr'><strong>aliis,</strong></span> <span class='ocrx_word' id='word_1_39' title='bbox 389 870 447 931; x_wconf 92' lang='lat' dir='ltr'><strong>sed</strong></span> <span class='ocrx_word' id='word_1_40' title='bbox 460 871 562 931; x_wconf 88' lang='lat' dir='ltr'><strong>etiam</strong></span> <span class='ocrx_word' id='word_1_41' title='bbox 579 869 611 931; x_wconf 89' lang='lat' dir='ltr'><strong>in</strong></span> <span class='ocrx_word' id='word_1_42' title='bbox 628 869 680 930; x_wconf 91' lang='lat' dir='ltr'><strong>his</strong></span> <span class='ocrx_word' id='word_1_43' title='bbox 697 887 783 948; x_wconf 88' lang='lat' dir='ltr'><strong>quae</strong></span> <span class='ocrx_word' id='word_1_44' title='bbox 806 867 998 949; x_wconf 83' lang='lat' dir='ltr'>specialiter</span> <span class='ocrx_word' id='word_1_45' title='bbox 1013 867 1183 948; x_wconf 84' lang='lat' dir='ltr'><strong>pertinent</strong></span> <span class='ocrx_word' id='word_1_46' title='bbox 1205 868 1248 928; x_wconf 88' lang='lat' dir='ltr'><strong>ad</strong></span> 
     </span>
     <span class='ocr_line' id='line_1_6' title="bbox 156 951 1245 1044; baseline -0.001 -31"><span class='ocrx_word' id='word_1_47' title='bbox 156 951 367 1032; x_wconf 84' lang='lat' dir='ltr'><strong>disciplinam</strong></span> <span class='ocrx_word' id='word_1_48' title='bbox 393 951 619 1044; x_wconf 75' lang='lat' dir='ltr'><strong>perlectioniS.</strong></span> <span class='ocrx_word' id='word_1_49' title='bbox 640 978 653 1006; x_wconf 89' lang='lat'><strong><em>»</em></strong></span> <span class='ocrx_word' id='word_1_50' title='bbox 681 951 727 1013; x_wconf 88' lang='lat' dir='ltr'><strong>Et</strong></span> <span class='ocrx_word' id='word_1_51' title='bbox 715 960 877 1028; x_wconf 84' lang='grc'><strong>22222222,</strong></span> <span class='ocrx_word' id='word_1_52' title='bbox 896 971 927 1012; x_wconf 99' lang='grc'><strong>2.</strong></span> <span class='ocrx_word' id='word_1_53' title='bbox 945 972 974 1016; x_wconf 96' lang='grc'><strong>2</strong></span> <span class='ocrx_word' id='word_1_54' title='bbox 993 969 1025 1030; x_wconf 92' lang='lat' dir='ltr'><strong>q.</strong></span> <span class='ocrx_word' id='word_1_55' title='bbox 1046 955 1113 1028; x_wconf 86' lang='lat'><strong>186,</strong></span> <span class='ocrx_word' id='word_1_56' title='bbox 1132 957 1196 1012; x_wconf 90' lang='lat' dir='ltr'><strong>art.</strong></span> <span class='ocrx_word' id='word_1_57' title='bbox 1214 956 1245 1028; x_wconf 90' lang='lat'><strong>8,</strong></span> 
     </span>
     <span class='ocr_line' id='line_1_7' title="bbox 156 1033 1247 1115; baseline -0.001 -20"><span class='ocrx_word' id='word_1_58' title='bbox 156 1034 200 1095; x_wconf 94' lang='lat' dir='ltr'><strong>ad</strong></span> <span class='ocrx_word' id='word_1_59' title='bbox 224 1055 308 1113; x_wconf 78' lang='lat'><strong>32«</strong></span> <span class='ocrx_word' id='word_1_60' title='bbox 338 1034 463 1115; x_wconf 88' lang='lat' dir='ltr'><strong>Papa</strong></span> <span class='ocrx_word' id='word_1_61' title='bbox 457 1053 488 1097; x_wconf 91' lang='grc'><strong>22</strong></span> <span class='ocrx_word' id='word_1_62' title='bbox 518 1043 599 1095; x_wconf 92' lang='lat' dir='ltr'><strong>voto</strong></span> <span class='ocrx_word' id='word_1_63' title='bbox 563 1033 839 1095; x_wconf 87' lang='lat' dir='ltr'><strong>tobedientiae</strong></span> <span class='ocrx_word' id='word_1_64' title='bbox 865 1051 932 1093; x_wconf 91' lang='lat' dir='ltr'><strong>non</strong></span> <span class='ocrx_word' id='word_1_65' title='bbox 960 1041 1070 1113; x_wconf 90' lang='lat' dir='ltr'><strong>potest</strong></span> <span class='ocrx_word' id='word_1_66' title='bbox 1096 1033 1143 1094; x_wconf 84' lang='lat' dir='ltr'><strong>sic</strong></span> <span class='ocrx_word' id='word_1_67' title='bbox 1171 1052 1247 1094; x_wconf 92' lang='lat' dir='ltr'><strong>cum</strong></span> 
     </span>
     <span class='ocr_line' id='line_1_8' title="bbox 91 1114 1246 1208; baseline -0.002 -30"><span class='ocrx_word' id='word_1_68' title='bbox 91 1192 94 1201; x_wconf 24' lang='lat'><strong>¹</strong></span> <span class='ocrx_word' id='word_1_69' title='bbox 155 1117 314 1196; x_wconf 81' lang='lat' dir='ltr'><strong>religioso</strong></span> <span class='ocrx_word' id='word_1_70' title='bbox 329 1116 533 1208; x_wconf 81' lang='lat' dir='ltr'><strong>dispensare</strong></span> <span class='ocrx_word' id='word_1_71' title='bbox 552 1128 590 1178; x_wconf 92' lang='lat' dir='ltr'><strong>ut</strong></span> <span class='ocrx_word' id='word_1_72' title='bbox 613 1115 694 1177; x_wconf 93' lang='lat' dir='ltr'><strong>nulli</strong></span> <span class='ocrx_word' id='word_1_73' title='bbox 722 1118 873 1208; x_wconf 79' lang='lat' dir='ltr'><strong>praelato</strong></span> <span class='ocrx_word' id='word_1_74' title='bbox 854 1123 1047 1176; x_wconf 85' lang='lat' dir='ltr'><strong>teneatur</strong></span> <span class='ocrx_word' id='word_1_75' title='bbox 1063 1114 1221 1176; x_wconf 81' lang='lat' dir='ltr'><strong>obedire</strong></span> <span class='ocrx_word' id='word_1_76' title='bbox 1214 1135 1246 1176; x_wconf 90' lang='lat' dir='ltr'><strong>m</strong></span> 
     </span>
     <span class='ocr_line' id='line_1_9' title="bbox 155 1197 1247 1291; baseline -0.002 -31"><span class='ocrx_word' id='word_1_77' title='bbox 155 1200 209 1260; x_wconf 88' lang='lat' dir='ltr'><strong>his</strong></span> <span class='ocrx_word' id='word_1_78' title='bbox 225 1218 310 1279; x_wconf 92' lang='lat' dir='ltr'><strong>quae</strong></span> <span class='ocrx_word' id='word_1_79' title='bbox 326 1200 367 1259; x_wconf 90' lang='lat' dir='ltr'><strong>ad</strong></span> <span class='ocrx_word' id='word_1_80' title='bbox 384 1197 622 1291; x_wconf 73' lang='lat' dir='ltr'><strong>perlectionem</strong></span> <span class='ocrx_word' id='word_1_81' title='bbox 639 1199 730 1259; x_wconf 85' lang='grc'><strong>22222</strong></span> <span class='ocrx_word' id='word_1_82' title='bbox 746 1218 805 1279; x_wconf 92' lang='lat' dir='ltr'><strong>per</strong></span> <span class='ocrx_word' id='word_1_83' title='bbox 808 1197 927 1259; x_wconf 89' lang='lat' dir='ltr'><strong>tinent.</strong></span> <span class='ocrx_word' id='word_1_84' title='bbox 945 1198 1021 1258; x_wconf 89' lang='lat' dir='ltr'><strong>Non</strong></span> <span class='ocrx_word' id='word_1_85' title='bbox 1034 1199 1122 1259; x_wconf 90' lang='lat' dir='ltr'><strong>enim</strong></span> <span class='ocrx_word' id='word_1_86' title='bbox 1136 1206 1247 1280; x_wconf 87' lang='lat' dir='ltr'><strong>potest</strong></span> 
     </span>
     <span class='ocr_line' id='line_1_10' title="bbox 156 1281 758 1343; baseline 0 -1"><span class='ocrx_word' id='word_1_87' title='bbox 156 1301 232 1342; x_wconf 93' lang='lat' dir='ltr'><strong>eum</strong></span> <span class='ocrx_word' id='word_1_88' title='bbox 249 1301 269 1342; x_wconf 90' lang='grc'><strong>2</strong></span> <span class='ocrx_word' id='word_1_89' title='bbox 285 1301 346 1342; x_wconf 87' lang='lat' dir='ltr'><strong>sua</strong></span> <span class='ocrx_word' id='word_1_90' title='bbox 363 1281 527 1342; x_wconf 86' lang='lat' dir='ltr'><strong>obedient</strong></span> <span class='ocrx_word' id='word_1_91' title='bbox 505 1291 551 1342; x_wconf 90' lang='grc'><strong>222</strong></span> <span class='ocrx_word' id='word_1_92' title='bbox 568 1281 758 1343; x_wconf 83' lang='lat' dir='ltr'><strong>eximere.»</strong></span> 
     </span>
    </p>

    <p class='ocr_par' dir='ltr' id='par_1_3' title="bbox 151 1361 1246 1693">
     <span class='ocr_line' id='line_1_11' title="bbox 197 1361 1246 1445; baseline -0.002 -19"><span class='ocrx_word' id='word_1_93' title='bbox 197 1361 694 1456; x_wconf 71' lang='lat' dir='ltr'><strong>()22,q.104,a12‚ad1</strong></span> <span class='ocrx_word' id='word_1_94' title='bbox 712 1383 752 1424; x_wconf 91' lang='lat' dir='ltr'><strong>ea</strong></span> <span class='ocrx_word' id='word_1_95' title='bbox 769 1367 843 1424; x_wconf 86' lang='lat' dir='ltr'><strong>an</strong></span> <span class='ocrx_word' id='word_1_96' title='bbox 845 1382 900 1423; x_wconf 96' lang='lat' dir='ltr'><strong>um</strong></span> <span class='ocrx_word' id='word_1_97' title='bbox 917 1361 1084 1424; x_wconf 81' lang='lat' dir='ltr'><strong>obedien</strong></span> <span class='ocrx_word' id='word_1_98' title='bbox 1061 1369 1108 1422; x_wconf 91' lang='grc'><strong>22</strong></span> <span class='ocrx_word' id='word_1_99' title='bbox 1124 1361 1202 1424; x_wconf 79' lang='lat' dir='ltr'><strong>dici</strong></span> <span class='ocrx_word' id='word_1_100' title='bbox 1190 1369 1246 1424; x_wconf 86' lang='lat' dir='ltr'><strong>ur</strong></span> 
     </span>
     <span class='ocr_line' id='line_1_12' title="bbox 152 1444 1245 1588; baseline 0 -82"><span class='ocrx_word' id='word_1_101' title='bbox 152 1444 261 1509; x_wconf 90' lang='lat' dir='ltr'><strong>virtus</strong></span> <span class='ocrx_word' id='word_1_102' title='bbox 277 1445 431 1526; x_wconf 88' lang='lat' dir='ltr'><strong>specialis</strong></span> <span class='ocrx_word' id='word_1_103' title='bbox 448 1465 534 1588; x_wconf 73' lang='lat' dir='ltr'><strong>qqae</strong></span> <span class='ocrx_word' id='word_1_104' title='bbox 557 1445 751 1526; x_wconf 84' lang='lat' dir='ltr'><strong>exsequitur</strong></span> <span class='ocrx_word' id='word_1_105' title='bbox 774 1464 858 1526; x_wconf 87' lang='lat' dir='ltr'><strong>opus</strong></span> <span class='ocrx_word' id='word_1_106' title='bbox 882 1454 1040 1586; x_wconf 83' lang='lat' dir='ltr'><strong>praecept</strong></span> <span class='ocrx_word' id='word_1_107' title='bbox 1042 1465 1098 1506; x_wconf 94' lang='lat' dir='ltr'><strong>um</strong></span> <span class='ocrx_word' id='word_1_108' title='bbox 1123 1444 1245 1506; x_wconf 83' lang='lat' dir='ltr'><strong>forma·</strong></span> 
     </span>
     <span class='ocr_line' id='line_1_13' title="bbox 151 1525 1245 1609; baseline -0.002 -19"><span class='ocrx_word' id='word_1_109' title='bbox 151 1529 189 1590; x_wconf 90' lang='grc'><strong>22</strong></span> <span class='ocrx_word' id='word_1_110' title='bbox 176 1537 321 1608; x_wconf 87' lang='lat' dir='ltr'><strong>erqura</strong></span> <span class='ocrx_word' id='word_1_111' title='bbox 337 1536 496 1609; x_wconf 86' lang='lat' dir='ltr'><strong>praecep</strong></span> <span class='ocrx_word' id='word_1_112' title='bbox 500 1548 556 1591; x_wconf 94' lang='lat' dir='ltr'><strong>um</strong></span> <span class='ocrx_word' id='word_1_113' title='bbox 581 1539 654 1589; x_wconf 79' lang='grc'><strong>222·</strong></span> <span class='ocrx_word' id='word_1_114' title='bbox 647 1536 774 1609; x_wconf 87' lang='lat' dir='ltr'><strong>‚.etq</strong></span> <span class='ocrx_word' id='word_1_115' title='bbox 803 1545 870 1606; x_wconf 78' lang='lat'>105,</span> <span class='ocrx_word' id='word_1_116' title='bbox 894 1534 960 1588; x_wconf 91' lang='grc'><strong>22</strong></span> <span class='ocrx_word' id='word_1_117' title='bbox 979 1529 1114 1606; x_wconf 69' lang='grc'><strong>22223,</strong></span> <span class='ocrx_word' id='word_1_118' title='bbox 1132 1525 1245 1600; x_wconf 84' lang='grc'><strong>222222-</strong></span> 
     </span>
     <span class='ocr_line' id='line_1_14' title="bbox 158 1577 1038 1693; baseline -0.005 -19"><span class='ocrx_word' id='word_1_119' title='bbox 158 1611 259 1674; x_wconf 91' lang='lat' dir='ltr'><strong>dient&#39;</strong></span> <span class='ocrx_word' id='word_1_120' title='bbox 237 1619 284 1673; x_wconf 87' lang='lat' dir='ltr'><strong>tra</strong></span> <span class='ocrx_word' id='word_1_121' title='bbox 300 1610 397 1692; x_wconf 83' lang='lat' dir='ltr'><strong>primi</strong></span> <span class='ocrx_word' id='word_1_122' title='bbox 414 1611 565 1693; x_wconf 89' lang='lat' dir='ltr'><strong>parentis</strong></span> <span class='ocrx_word' id='word_1_123' title='bbox 581 1577 763 1672; x_wconf 80' lang='lat' dir='ltr'><strong>asciibitur</strong></span> <span class='ocrx_word' id='word_1_124' title='bbox 775 1613 816 1670; x_wconf 90' lang='lat' dir='ltr'><strong>ad</strong></span> <span class='ocrx_word' id='word_1_125' title='bbox 832 1609 1038 1690; x_wconf 86' lang='lat' dir='ltr'><strong>superbiam.</strong></span> 
     </span>
    </p>

    <p class='ocr_par' dir='ltr' id='par_1_4' title="bbox 155 1691 1246 2022">
     <span class='ocr_line' id='line_1_15' title="bbox 195 1691 1246 1773; baseline 0.001 -19"><span class='ocrx_word' id='word_1_126' title='bbox 195 1695 230 1772; x_wconf 81' lang='lat' dir='ltr'><strong>b)</strong></span> <span class='ocrx_word' id='word_1_127' title='bbox 245 1693 297 1754; x_wconf 89' lang='lat' dir='ltr'><strong>Ex</strong></span> <span class='ocrx_word' id='word_1_128' title='bbox 321 1693 499 1773; x_wconf 85' lang='lat' dir='ltr'><strong>regulaS.</strong></span> <span class='ocrx_word' id='word_1_129' title='bbox 524 1693 770 1771; x_wconf 83' lang='lat' dir='ltr'><strong>Benedictl‚c.</strong></span> <span class='ocrx_word' id='word_1_130' title='bbox 799 1711 829 1772; x_wconf 85' lang='lat'><strong>5.</strong></span> <span class='ocrx_word' id='word_1_131' title='bbox 861 1691 1024 1753; x_wconf 80' lang='lat' dir='ltr'><strong>«Primus</strong></span> <span class='ocrx_word' id='word_1_132' title='bbox 1049 1691 1246 1755; x_wconf 81' lang='lat' dir='ltr'><strong>humiliatis</strong></span> 
     </span>
     <span class='ocr_line' id='line_1_16' title="bbox 156 1775 1246 1866; baseline 0 -29"><span class='ocrx_word' id='word_1_133' title='bbox 156 1777 281 1856; x_wconf 86' lang='lat' dir='ltr'><strong>gradus</strong></span> <span class='ocrx_word' id='word_1_134' title='bbox 297 1782 348 1837; x_wconf 84' lang='lat' dir='ltr'><strong>est</strong></span> <span class='ocrx_word' id='word_1_135' title='bbox 364 1776 594 1838; x_wconf 87' lang='lat' dir='ltr'><strong>obedientia</strong></span> <span class='ocrx_word' id='word_1_136' title='bbox 569 1795 638 1838; x_wconf 85' lang='lat' dir='ltr'><strong>sine</strong></span> <span class='ocrx_word' id='word_1_137' title='bbox 656 1796 795 1838; x_wconf 82' lang='lat' dir='ltr'><strong>mora.»</strong></span> <span class='ocrx_word' id='word_1_138' title='bbox 826 1775 933 1866; x_wconf 86' lang='lat' dir='ltr'><strong>Quem</strong></span> <span class='ocrx_word' id='word_1_139' title='bbox 956 1776 1065 1836; x_wconf 91' lang='lat' dir='ltr'><strong>locum</strong></span> <span class='ocrx_word' id='word_1_140' title='bbox 1083 1775 1246 1855; x_wconf 87' lang='lat' dir='ltr'><strong>interpre-</strong></span> 
     </span>
     <span class='ocr_line' id='line_1_17' title="bbox 155 1857 1246 1933; baseline 0 -13"><span class='ocrx_word' id='word_1_141' title='bbox 155 1870 232 1920; x_wconf 88' lang='lat' dir='ltr'><strong>tans</strong></span> <span class='ocrx_word' id='word_1_142' title='bbox 267 1859 356 1920; x_wconf 91' lang='lat' dir='ltr'><strong>Mar</strong></span> <span class='ocrx_word' id='word_1_143' title='bbox 344 1866 420 1920; x_wconf 89' lang='lat' dir='ltr'><strong>ene</strong></span> <span class='ocrx_word' id='word_1_144' title='bbox 457 1859 568 1933; x_wconf 89' lang='lat' dir='ltr'><strong>ait,«</strong></span> <span class='ocrx_word' id='word_1_145' title='bbox 599 1858 799 1920; x_wconf 89' lang='lat' dir='ltr'><strong>humilitatis</strong></span> <span class='ocrx_word' id='word_1_146' title='bbox 829 1877 963 1919; x_wconf 85' lang='lat' dir='ltr'><strong>nomme</strong></span> <span class='ocrx_word' id='word_1_147' title='bbox 993 1857 1082 1918; x_wconf 87' lang='lat' dir='ltr'><strong>aliud</strong></span> <span class='ocrx_word' id='word_1_148' title='bbox 1114 1858 1195 1919; x_wconf 87' lang='lat' dir='ltr'><strong>nihil</strong></span> <span class='ocrx_word' id='word_1_149' title='bbox 1226 1879 1246 1920; x_wconf 90' lang='lat' dir='ltr'><strong>a</strong></span> 
     </span>
     <span class='ocr_line' id='line_1_18' title="bbox 156 1939 990 2022; baseline -0.006 -18"><span class='ocrx_word' id='word_1_150' title='bbox 156 1941 193 2004; x_wconf 92' lang='lat' dir='ltr'><strong>S.</strong></span> <span class='ocrx_word' id='word_1_151' title='bbox 210 1941 376 2003; x_wconf 90' lang='lat' dir='ltr'><strong>Patreint</strong></span> <span class='ocrx_word' id='word_1_152' title='bbox 364 1941 478 2020; x_wconf 81' lang='lat' dir='ltr'><strong>telligi,</strong></span> <span class='ocrx_word' id='word_1_153' title='bbox 495 1961 557 2002; x_wconf 88' lang='lat' dir='ltr'><strong>msr</strong></span> <span class='ocrx_word' id='word_1_154' title='bbox 571 1961 677 2022; x_wconf 81' lang='lat' dir='ltr'><strong>ipsam</strong></span> <span class='ocrx_word' id='word_1_155' title='bbox 693 1939 858 2003; x_wconf 83' lang='lat' dir='ltr'><strong>obedien</strong></span> <span class='ocrx_word' id='word_1_156' title='bbox 836 1939 956 2000; x_wconf 86' lang='grc'><strong>22.222</strong></span> <span class='ocrx_word' id='word_1_157' title='bbox 978 1967 990 1994; x_wconf 89' lang='lat'><strong>›&gt;</strong></span> 
     </span>
    </p>

    <p class='ocr_par' dir='ltr' id='par_1_5' title="bbox 155 2021 1245 2352">
     <span class='ocr_line' id='line_1_19' title="bbox 198 2021 1245 2104; baseline -0.002 -17"><span class='ocrx_word' id='word_1_158' title='bbox 198 2025 257 2087; x_wconf 89' lang='lat'><strong>18.</strong></span> <span class='ocrx_word' id='word_1_159' title='bbox 274 2023 351 2104; x_wconf 77' lang='lat' dir='ltr'><strong>Ipsis</strong></span> <span class='ocrx_word' id='word_1_160' title='bbox 367 2022 541 2090; x_wconf 72' lang='lat' dir='ltr'><strong>corollario</strong></span> <span class='ocrx_word' id='word_1_161' title='bbox 557 2025 673 2085; x_wconf 87' lang='lat' dir='ltr'><strong>eadem</strong></span> <span class='ocrx_word' id='word_1_162' title='bbox 690 2024 866 2085; x_wconf 86' lang='lat' dir='ltr'><strong>confirmat</strong></span> <span class='ocrx_word' id='word_1_163' title='bbox 854 2031 909 2083; x_wconf 91' lang='grc'><strong>2222·</strong></span> <span class='ocrx_word' id='word_1_164' title='bbox 926 2022 1058 2100; x_wconf 90' lang='lat' dir='ltr'><strong>positi0.</strong></span> <span class='ocrx_word' id='word_1_165' title='bbox 1082 2023 1134 2084; x_wconf 88' lang='lat' dir='ltr'><strong>Eo</strong></span> <span class='ocrx_word' id='word_1_166' title='bbox 1158 2021 1245 2085; x_wconf 89' lang='lat' dir='ltr'><strong>enim</strong></span> 
     </span>
     <span class='ocr_line' id='line_1_20' title="bbox 157 2104 1246 2196; baseline -0.001 -30"><span class='ocrx_word' id='word_1_167' title='bbox 157 2106 245 2185; x_wconf 93' lang='lat' dir='ltr'><strong>quod</strong></span> <span class='ocrx_word' id='word_1_168' title='bbox 260 2112 355 2166; x_wconf 82' lang='lat' dir='ltr'><strong>essent</strong></span> <span class='ocrx_word' id='word_1_169' title='bbox 344 2104 429 2167; x_wconf 85' lang='grc'><strong>222222</strong></span> <span class='ocrx_word' id='word_1_170' title='bbox 444 2105 611 2167; x_wconf 86' lang='lat' dir='ltr'><strong>obedient&#39;</strong></span> <span class='ocrx_word' id='word_1_171' title='bbox 589 2112 635 2166; x_wconf 88' lang='lat' dir='ltr'><strong>tra</strong></span> <span class='ocrx_word' id='word_1_172' title='bbox 650 2107 843 2168; x_wconf 89' lang='lat' dir='ltr'><strong>continetur</strong></span> <span class='ocrx_word' id='word_1_173' title='bbox 855 2105 960 2166; x_wconf 83' lang='grc'><strong>22222222</strong></span> <span class='ocrx_word' id='word_1_174' title='bbox 974 2105 1112 2196; x_wconf 82' lang='lat' dir='ltr'><strong>parendi</strong></span> <span class='ocrx_word' id='word_1_175' title='bbox 1129 2106 1246 2196; x_wconf 80' lang='lat' dir='ltr'><strong>Eccle-</strong></span> 
     </span>
     <span class='ocr_line' id='line_1_21' title="bbox 155 2186 1245 2270; baseline -0.002 -22"><span class='ocrx_word' id='word_1_176' title='bbox 155 2188 225 2250; x_wconf 91' lang='lat' dir='ltr'><strong>siae</strong></span> <span class='ocrx_word' id='word_1_177' title='bbox 248 2189 398 2268; x_wconf 87' lang='lat' dir='ltr'><strong>ejusque,</strong></span> <span class='ocrx_word' id='word_1_178' title='bbox 428 2207 490 2270; x_wconf 89' lang='lat' dir='ltr'><strong>pro</strong></span> <span class='ocrx_word' id='word_1_179' title='bbox 514 2188 592 2249; x_wconf 88' lang='lat' dir='ltr'><strong>data</strong></span> <span class='ocrx_word' id='word_1_180' title='bbox 617 2189 834 2270; x_wconf 84' lang='lat' dir='ltr'><strong>opportunita</strong></span> <span class='ocrx_word' id='word_1_181' title='bbox 837 2199 870 2248; x_wconf 90' lang='lat' dir='ltr'><strong>te</strong></span> <span class='ocrx_word' id='word_1_182' title='bbox 893 2202 925 2246; x_wconf 88' lang='lat' dir='ltr'><strong>et</strong></span> <span class='ocrx_word' id='word_1_183' title='bbox 947 2187 1094 2267; x_wconf 85' lang='lat' dir='ltr'><strong>adjunct</strong></span> <span class='ocrx_word' id='word_1_184' title='bbox 1088 2208 1126 2264; x_wconf 84' lang='grc'><strong>22,</strong></span> <span class='ocrx_word' id='word_1_185' title='bbox 1145 2186 1245 2266; x_wconf 84' lang='lat' dir='ltr'><strong>signi</strong></span> 
     </span>
     <span class='ocr_line' id='line_1_22' title="bbox 157 2269 956 2352; baseline -0.005 -20"><span class='ocrx_word' id='word_1_186' title='bbox 157 2269 246 2332; x_wconf 89' lang='lat' dir='ltr'><strong>ficat</strong></span> <span class='ocrx_word' id='word_1_187' title='bbox 224 2277 314 2331; x_wconf 79' lang='lat' dir='ltr'><strong>tione</strong></span> <span class='ocrx_word' id='word_1_188' title='bbox 331 2291 390 2332; x_wconf 89' lang='lat' dir='ltr'><strong>seu</strong></span> <span class='ocrx_word' id='word_1_189' title='bbox 402 2269 535 2352; x_wconf 76' lang='lat' dir='ltr'><strong>professe</strong></span> <span class='ocrx_word' id='word_1_190' title='bbox 537 2291 601 2338; x_wconf 86' lang='lat' dir='ltr'><strong>one,</strong></span> <span class='ocrx_word' id='word_1_191' title='bbox 620 2270 716 2333; x_wconf 87' lang='lat' dir='ltr'><strong>facile</strong></span> <span class='ocrx_word' id='word_1_192' title='bbox 733 2269 890 2352; x_wconf 89' lang='lat' dir='ltr'><strong>perspicit</strong></span> <span class='ocrx_word' id='word_1_193' title='bbox 893 2288 956 2329; x_wconf 86' lang='lat' dir='ltr'><strong>ur:</strong></span> 
     </span>
    </p>

    <p class='ocr_par' dir='ltr' id='par_1_6' title="bbox 156 2345 1245 2579">
     <span class='ocr_line' id='line_1_23' title="bbox 200 2345 1245 2433; baseline 0.001 -20.05"><span class='ocrx_word' id='word_1_194' title='bbox 200 2345 424 2433; x_wconf 79' lang='lat' dir='ltr'><strong>a)Quomo&#39;do</strong></span> <span class='ocrx_word' id='word_1_195' title='bbox 440 2372 506 2414; x_wconf 91' lang='grc'><strong>222</strong></span> <span class='ocrx_word' id='word_1_196' title='bbox 523 2353 725 2414; x_wconf 86' lang='lat' dir='ltr'><strong>defecerit&#39;</strong></span> <span class='ocrx_word' id='word_1_197' title='bbox 707 2374 746 2415; x_wconf 89' lang='grc'><strong>222</strong></span> <span class='ocrx_word' id='word_1_198' title='bbox 761 2351 921 2414; x_wconf 91' lang='lat' dir='ltr'><strong>studiosis</strong></span> <span class='ocrx_word' id='word_1_199' title='bbox 938 2349 1155 2430; x_wconf 83' lang='lat' dir='ltr'><strong>evangelicae</strong></span> <span class='ocrx_word' id='word_1_200' title='bbox 1171 2371 1245 2432; x_wconf 88' lang='lat' dir='ltr'><strong>per·</strong></span> 
     </span>
     <span class='ocr_line' id='line_1_24' title="bbox 157 2433 1245 2517; baseline -0.001 -20"><span class='ocrx_word' id='word_1_201' title='bbox 157 2433 312 2497; x_wconf 86' lang='lat' dir='ltr'><strong>fectionis</strong></span> <span class='ocrx_word' id='word_1_202' title='bbox 342 2435 407 2514; x_wconf 90' lang='lat' dir='ltr'><strong>qui,</strong></span> <span class='ocrx_word' id='word_1_203' title='bbox 435 2436 466 2497; x_wconf 89' lang='lat' dir='ltr'><strong>in</strong></span> <span class='ocrx_word' id='word_1_204' title='bbox 494 2437 623 2517; x_wconf 87' lang='lat' dir='ltr'><strong>primae</strong></span> <span class='ocrx_word' id='word_1_205' title='bbox 647 2444 771 2514; x_wconf 88' lang='lat' dir='ltr'><strong>aetate,</strong></span> <span class='ocrx_word' id='word_1_206' title='bbox 788 2435 871 2498; x_wconf 77' lang='lat' dir='ltr'><strong>salis</strong></span> <span class='ocrx_word' id='word_1_207' title='bbox 888 2433 1023 2515; x_wconf 88' lang='lat' dir='ltr'><strong>proprio</strong></span> <span class='ocrx_word' id='word_1_208' title='bbox 1041 2434 1202 2513; x_wconf 86' lang='lat' dir='ltr'><strong>regebant</strong></span> <span class='ocrx_word' id='word_1_209' title='bbox 1205 2453 1245 2496; x_wconf 92' lang='lat' dir='ltr'><strong>ur</strong></span> 
     </span>
     <span class='ocr_line' id='line_1_25' title="bbox 156 2516 311 2579; baseline -0.007 -1"><span class='ocrx_word' id='word_1_210' title='bbox 156 2516 311 2579; x_wconf 76' lang='lat' dir='ltr'><strong>arbitrio</strong></span> 
     </span>
    </p>

    <p class='ocr_par' dir='ltr' id='par_1_7' title="bbox 153 2598 1246 2764">
     <span class='ocr_line' id='line_1_26' title="bbox 197 2598 1246 2691; baseline 0.001 -31.05"><span class='ocrx_word' id='word_1_211' title='bbox 197 2599 424 2691; x_wconf 76' lang='lat' dir='ltr'><strong>leuomodo</strong></span> <span class='ocrx_word' id='word_1_212' title='bbox 439 2601 551 2662; x_wconf 89' lang='lat' dir='ltr'><strong>locum</strong></span> <span class='ocrx_word' id='word_1_213' title='bbox 568 2601 692 2662; x_wconf 84' lang='lat' dir='ltr'><strong>habeat</strong></span> <span class='ocrx_word' id='word_1_214' title='bbox 680 2599 752 2661; x_wconf 91' lang='lat' dir='ltr'><strong>tin</strong></span> <span class='ocrx_word' id='word_1_215' title='bbox 776 2601 1006 2683; x_wconf 91' lang='lat' dir='ltr'><strong>superioribus</strong></span> <span class='ocrx_word' id='word_1_216' title='bbox 1030 2598 1196 2680; x_wconf 85' lang='lat' dir='ltr'><strong>religiosis</strong></span> <span class='ocrx_word' id='word_1_217' title='bbox 1211 2605 1246 2661; x_wconf 91' lang='lat' dir='ltr'><strong>et</strong></span> 
     </span>
     <span class='ocr_line' id='line_1_27' title="bbox 153 2673 328 2764; baseline -0.012 -20"><span class='ocrx_word' id='word_1_218' title='bbox 153 2673 328 2764; x_wconf 79' lang='lat' dir='ltr'><strong>praelatis,</strong></span> 
     </span>
    </p>

    <p class='ocr_par' dir='ltr' id='par_1_8' title="bbox 152 2763 1246 3010">
     <span class='ocr_line' id='line_1_28' title="bbox 194 2763 1246 2856; baseline -0.001 -30"><span class='ocrx_word' id='word_1_219' title='bbox 194 2765 232 2826; x_wconf 92' lang='lat' dir='ltr'><strong>In</strong></span> <span class='ocrx_word' id='word_1_220' title='bbox 246 2764 338 2826; x_wconf 90' lang='lat' dir='ltr'><strong>omni</strong></span> <span class='ocrx_word' id='word_1_221' title='bbox 352 2773 487 2856; x_wconf 86' lang='lat' dir='ltr'><strong>praeter</strong></span> <span class='ocrx_word' id='word_1_222' title='bbox 490 2785 529 2826; x_wconf 79' lang='lat' dir='ltr'><strong>ea</strong></span> <span class='ocrx_word' id='word_1_223' title='bbox 542 2764 694 2845; x_wconf 82' lang='lat' dir='ltr'><strong>dignitat</strong></span> <span class='ocrx_word' id='word_1_224' title='bbox 688 2785 714 2825; x_wconf 85' lang='lat' dir='ltr'><strong>rs</strong></span> <span class='ocrx_word' id='word_1_225' title='bbox 728 2767 872 2844; x_wconf 80' lang='lat' dir='ltr'><strong>gradu‚t</strong></span> <span class='ocrx_word' id='word_1_226' title='bbox 875 2786 930 2828; x_wconf 94' lang='lat' dir='ltr'><strong>um</strong></span> <span class='ocrx_word' id='word_1_227' title='bbox 944 2764 1092 2827; x_wconf 86' lang='lat' dir='ltr'><strong>affecut</strong></span> <span class='ocrx_word' id='word_1_228' title='bbox 1045 2772 1150 2826; x_wconf 92' lang='lat' dir='ltr'><strong>utum</strong></span> <span class='ocrx_word' id='word_1_229' title='bbox 1164 2763 1246 2826; x_wconf 89' lang='lat' dir='ltr'><strong>acti·</strong></span> 
     </span>
     <span class='ocr_line' id='line_1_29' title="bbox 152 2846 1246 2930; baseline 0 -22"><span class='ocrx_word' id='word_1_230' title='bbox 152 2847 216 2908; x_wconf 89' lang='lat' dir='ltr'><strong>bus</strong></span> <span class='ocrx_word' id='word_1_231' title='bbox 232 2867 312 2908; x_wconf 83' lang='lat' dir='ltr'><strong>exer</strong></span> <span class='ocrx_word' id='word_1_232' title='bbox 314 2867 382 2908; x_wconf 87' lang='lat' dir='ltr'><strong>cerr</strong></span> <span class='ocrx_word' id='word_1_233' title='bbox 405 2855 517 2930; x_wconf 91' lang='lat' dir='ltr'><strong>potest</strong></span> <span class='ocrx_word' id='word_1_234' title='bbox 544 2849 692 2927; x_wconf 85' lang='lat' dir='ltr'><strong>perlecta</strong></span> <span class='ocrx_word' id='word_1_235' title='bbox 720 2848 903 2926; x_wconf 76' lang='lat' dir='ltr'><strong>humilitaS,</strong></span> <span class='ocrx_word' id='word_1_236' title='bbox 932 2849 972 2910; x_wconf 89' lang='lat' dir='ltr'><strong>ad</strong></span> <span class='ocrx_word' id='word_1_237' title='bbox 995 2850 1084 2927; x_wconf 89' lang='lat' dir='ltr'><strong>quod</strong></span> <span class='ocrx_word' id='word_1_238' title='bbox 1109 2847 1161 2909; x_wconf 87' lang='lat' dir='ltr'><strong>vir</strong></span> <span class='ocrx_word' id='word_1_239' title='bbox 1164 2846 1246 2908; x_wconf 89' lang='lat' dir='ltr'><strong>tutis</strong></span> 
     </span>
     <span class='ocr_line' id='line_1_30' title="bbox 153 2929 704 3010; baseline 0.004 -21"><span class='ocrx_word' id='word_1_240' title='bbox 153 2949 259 3010; x_wconf 85' lang='lat' dir='ltr'><strong>genus</strong></span> <span class='ocrx_word' id='word_1_241' title='bbox 276 2931 451 2991; x_wconf 90' lang='lat' dir='ltr'><strong>retulimus</strong></span> <span class='ocrx_word' id='word_1_242' title='bbox 468 2929 633 2991; x_wconf 87' lang='lat' dir='ltr'><strong>obedient</strong></span> <span class='ocrx_word' id='word_1_243' title='bbox 611 2939 704 2992; x_wconf 88' lang='lat' dir='ltr'><strong>1.tam</strong></span> 
     </span>
    </p>
   </div>
   <div class='ocr_carea' id='block_1_3' title="bbox 219 3109 1180 3298">
    <p class='ocr_par' dir='ltr' id='par_1_9' title="bbox 219 3109 1180 3298">
     <span class='ocr_line' id='line_1_31' title="bbox 219 3109 1180 3192; baseline 0.004 -20"><span class='ocrx_word' id='word_1_244' title='bbox 219 3109 262 3172; x_wconf 92' lang='lat' dir='ltr'><strong>II.</strong></span> <span class='ocrx_word' id='word_1_245' title='bbox 287 3111 485 3189; x_wconf 89' lang='lat' dir='ltr'><strong>Disciplina</strong></span> <span class='ocrx_word' id='word_1_246' title='bbox 509 3114 740 3192; x_wconf 87' lang='lat' dir='ltr'><strong>perfectionis</strong></span> <span class='ocrx_word' id='word_1_247' title='bbox 769 3117 1037 3176; x_wconf 88' lang='lat' dir='ltr'><strong>demonstratur</strong></span> <span class='ocrx_word' id='word_1_248' title='bbox 1064 3116 1180 3176; x_wconf 89' lang='lat' dir='ltr'><strong>tribus</strong></span> 
     </span>
     <span class='ocr_line' id='line_1_32' title="bbox 499 3223 906 3298; baseline 0.002 -17"><span class='ocrx_word' id='word_1_249' title='bbox 499 3223 659 3282; x_wconf 90' lang='lat' dir='ltr'><strong>consiliis</strong></span> <span class='ocrx_word' id='word_1_250' title='bbox 686 3223 906 3298; x_wconf 79' lang='lat' dir='ltr'><strong>evangelicis</strong></span> 
     </span>
    </p>
   </div>
   <div class='ocr_carea' id='block_1_4' title="bbox 156 3385 1248 4294">
    <p class='ocr_par' dir='ltr' id='par_1_10' title="bbox 157 3385 1246 3962">
     <span class='ocr_line' id='line_1_33' title="bbox 201 3385 1246 3470; baseline -0.002 -20"><span class='ocrx_word' id='word_1_251' title='bbox 201 3387 261 3451; x_wconf 89' lang='grc'><strong>19.</strong></span> <span class='ocrx_word' id='word_1_252' title='bbox 288 3385 324 3448; x_wconf 86' lang='lat' dir='ltr'><strong>ld</strong></span> <span class='ocrx_word' id='word_1_253' title='bbox 358 3394 451 3470; x_wconf 90' lang='lat' dir='ltr'><strong>patet</strong></span> <span class='ocrx_word' id='word_1_254' title='bbox 479 3387 570 3469; x_wconf 88' lang='lat' dir='ltr'><strong>prius</strong></span> <span class='ocrx_word' id='word_1_255' title='bbox 601 3398 682 3449; x_wconf 81' lang='lat' dir='ltr'><strong>ext</strong></span> <span class='ocrx_word' id='word_1_256' title='bbox 671 3387 847 3450; x_wconf 78' lang='lat' dir='ltr'><strong>traditione.</strong></span> <span class='ocrx_word' id='word_1_257' title='bbox 883 3386 1028 3464; x_wconf 90' lang='lat' dir='ltr'><strong>Etenim,</strong></span> <span class='ocrx_word' id='word_1_258' title='bbox 1053 3385 1246 3466; x_wconf 85' lang='lat' dir='ltr'><strong>apluribus</strong></span> 
     </span>
     <span class='ocr_line' id='line_1_34' title="bbox 157 3469 1244 3546; baseline 0.001 -17"><span class='ocrx_word' id='word_1_259' title='bbox 157 3469 276 3531; x_wconf 88' lang='lat' dir='ltr'><strong>saltem</strong></span> <span class='ocrx_word' id='word_1_260' title='bbox 313 3471 436 3539; x_wconf 90' lang='lat' dir='ltr'><strong>seculis</strong></span> <span class='ocrx_word' id='word_1_261' title='bbox 469 3473 508 3532; x_wconf 92' lang='lat' dir='ltr'><strong>de</strong></span> <span class='ocrx_word' id='word_1_262' title='bbox 540 3472 604 3532; x_wconf 93' lang='lat' dir='ltr'><strong>hoc</strong></span> <span class='ocrx_word' id='word_1_263' title='bbox 634 3490 758 3533; x_wconf 90' lang='lat' dir='ltr'><strong>consen</strong></span> <span class='ocrx_word' id='word_1_264' title='bbox 762 3471 850 3533; x_wconf 86' lang='lat' dir='ltr'><strong>liunt</strong></span> <span class='ocrx_word' id='word_1_265' title='bbox 879 3470 1015 3530; x_wconf 89' lang='lat' dir='ltr'><strong>scholae</strong></span> <span class='ocrx_word' id='word_1_266' title='bbox 1045 3470 1244 3546; x_wconf 89' lang='lat' dir='ltr'><strong>catholicae,</strong></span> 
     </span>
     <span class='ocr_line' id='line_1_35' title="bbox 157 3551 1244 3644; baseline 0 -32"><span class='ocrx_word' id='word_1_267' title='bbox 157 3551 365 3634; x_wconf 89' lang='lat' dir='ltr'><strong>disciplinam</strong></span> <span class='ocrx_word' id='word_1_268' title='bbox 391 3553 608 3634; x_wconf 80' lang='lat' dir='ltr'><strong>perfectionis</strong></span> <span class='ocrx_word' id='word_1_269' title='bbox 632 3553 799 3644; x_wconf 84' lang='lat' dir='ltr'><strong>pertinere</strong></span> <span class='ocrx_word' id='word_1_270' title='bbox 822 3552 864 3613; x_wconf 90' lang='lat' dir='ltr'><strong>ad</strong></span> <span class='ocrx_word' id='word_1_271' title='bbox 890 3560 1016 3614; x_wconf 87' lang='lat' dir='ltr'><strong>statum</strong></span> <span class='ocrx_word' id='word_1_272' title='bbox 1041 3553 1244 3630; x_wconf 75' lang='lat' dir='ltr'><strong>religiosum,</strong></span> 
     </span>
     <span class='ocr_line' id='line_1_36' title="bbox 157 3634 1245 3716; baseline 0 -22"><span class='ocrx_word' id='word_1_273' title='bbox 157 3634 246 3694; x_wconf 92' lang='lat' dir='ltr'><strong>hunc</strong></span> <span class='ocrx_word' id='word_1_274' title='bbox 260 3644 372 3695; x_wconf 90' lang='lat' dir='ltr'><strong>autem</strong></span> <span class='ocrx_word' id='word_1_275' title='bbox 388 3636 517 3698; x_wconf 85' lang='lat' dir='ltr'><strong>absolvi</strong></span> <span class='ocrx_word' id='word_1_276' title='bbox 532 3637 712 3696; x_wconf 89' lang='lat' dir='ltr'><strong>tribust</strong></span> <span class='ocrx_word' id='word_1_277' title='bbox 654 3646 712 3696; x_wconf 88' lang='lat' dir='ltr'><strong>vot</strong></span> <span class='ocrx_word' id='word_1_278' title='bbox 716 3655 742 3695; x_wconf 87' lang='grc'><strong>22</strong></span> <span class='ocrx_word' id='word_1_279' title='bbox 757 3635 926 3715; x_wconf 91' lang='lat' dir='ltr'><strong>perpetuis</strong></span> <span class='ocrx_word' id='word_1_280' title='bbox 939 3634 1157 3716; x_wconf 84' lang='lat' dir='ltr'><strong>paupertatis.</strong></span> <span class='ocrx_word' id='word_1_281' title='bbox 1174 3653 1245 3694; x_wconf 91' lang='lat' dir='ltr'><strong>cas·</strong></span> 
     </span>
     <span class='ocr_line' id='line_1_37' title="bbox 158 3714 1245 3800; baseline 0.002 -23"><span class='ocrx_word' id='word_1_282' title='bbox 158 3714 198 3777; x_wconf 91' lang='lat' dir='ltr'><strong>tit</strong></span> <span class='ocrx_word' id='word_1_283' title='bbox 185 3715 265 3778; x_wconf 86' lang='lat' dir='ltr'><strong>tatis</strong></span> <span class='ocrx_word' id='word_1_284' title='bbox 287 3723 321 3778; x_wconf 82' lang='lat' dir='ltr'><strong>et</strong></span> <span class='ocrx_word' id='word_1_285' title='bbox 337 3717 559 3780; x_wconf 90' lang='lat' dir='ltr'><strong>obedientiae.</strong></span> <span class='ocrx_word' id='word_1_286' title='bbox 581 3718 670 3800; x_wconf 87' lang='lat' dir='ltr'><strong>Quot</strong></span> <span class='ocrx_word' id='word_1_287' title='bbox 673 3725 754 3798; x_wconf 88' lang='lat' dir='ltr'><strong>quot</strong></span> <span class='ocrx_word' id='word_1_288' title='bbox 781 3737 820 3799; x_wconf 87' lang='lat' dir='ltr'><strong>pl</strong></span> <span class='ocrx_word' id='word_1_289' title='bbox 822 3727 958 3778; x_wconf 84' lang='grc'><strong>2222222</strong></span> <span class='ocrx_word' id='word_1_290' title='bbox 974 3717 1092 3778; x_wconf 91' lang='lat' dir='ltr'><strong>Bullae</strong></span> <span class='ocrx_word' id='word_1_291' title='bbox 1113 3726 1194 3798; x_wconf 92' lang='lat' dir='ltr'><strong>pont</strong></span> <span class='ocrx_word' id='word_1_292' title='bbox 1182 3715 1245 3779; x_wconf 90' lang='lat' dir='ltr'><strong>tifi-</strong></span> 
     </span>
     <span class='ocr_line' id='line_1_38' title="bbox 158 3799 1245 3880; baseline 0.001 -21"><span class='ocrx_word' id='word_1_293' title='bbox 158 3799 230 3860; x_wconf 90' lang='lat' dir='ltr'><strong>ciac</strong></span> <span class='ocrx_word' id='word_1_294' title='bbox 246 3806 428 3860; x_wconf 87' lang='lat' dir='ltr'><strong>erexerunt</strong></span> <span class='ocrx_word' id='word_1_295' title='bbox 454 3801 508 3862; x_wconf 89' lang='lat' dir='ltr'><strong>vel</strong></span> <span class='ocrx_word' id='word_1_296' title='bbox 536 3801 780 3862; x_wconf 86' lang='lat' dir='ltr'><strong>confirmarunt</strong></span> <span class='ocrx_word' id='word_1_297' title='bbox 797 3799 940 3861; x_wconf 87' lang='lat' dir='ltr'><strong>Ordines</strong></span> <span class='ocrx_word' id='word_1_298' title='bbox 968 3799 1141 3880; x_wconf 83' lang='lat' dir='ltr'><strong>religiosos</strong></span> <span class='ocrx_word' id='word_1_299' title='bbox 1167 3812 1245 3862; x_wconf 90' lang='lat' dir='ltr'><strong>sunt</strong></span> 
     </span>
     <span class='ocr_line' id='line_1_39' title="bbox 158 3879 951 3962; baseline 0.003 -22"><span class='ocrx_word' id='word_1_300' title='bbox 158 3879 305 3962; x_wconf 87' lang='lat' dir='ltr'><strong>ejusdem</strong></span> <span class='ocrx_word' id='word_1_301' title='bbox 320 3883 493 3944; x_wconf 88' lang='lat' dir='ltr'><strong>doctrinae</strong></span> <span class='ocrx_word' id='word_1_302' title='bbox 510 3891 568 3944; x_wconf 88' lang='lat' dir='ltr'><strong>aut</strong></span> <span class='ocrx_word' id='word_1_303' title='bbox 556 3883 663 3944; x_wconf 91' lang='lat' dir='ltr'><strong>tthen</strong></span> <span class='ocrx_word' id='word_1_304' title='bbox 641 3892 708 3944; x_wconf 90' lang='grc'><strong>2222</strong></span> <span class='ocrx_word' id='word_1_305' title='bbox 724 3889 951 3944; x_wconf 89' lang='lat' dir='ltr'><strong>monumenta.</strong></span> 
     </span>
    </p>

    <p class='ocr_par' dir='ltr' id='par_1_11' title="bbox 156 3963 1248 4294">
     <span class='ocr_line' id='line_1_40' title="bbox 198 3963 1248 4058; baseline -0.004 -30"><span class='ocrx_word' id='word_1_306' title='bbox 198 3964 262 4054; x_wconf 83' lang='grc'><strong>20.</strong></span> <span class='ocrx_word' id='word_1_307' title='bbox 285 3963 418 4025; x_wconf 77' lang='lat' dir='ltr'><strong>Ratione</strong></span> <span class='ocrx_word' id='word_1_308' title='bbox 433 3974 457 4026; x_wconf 90' lang='grc'><strong>2</strong></span> <span class='ocrx_word' id='word_1_309' title='bbox 460 3986 480 4026; x_wconf 92' lang='grc'><strong>2</strong></span> <span class='ocrx_word' id='word_1_310' title='bbox 496 3966 695 4045; x_wconf 84' lang='lat' dir='ltr'><strong>arguimus.</strong></span> <span class='ocrx_word' id='word_1_311' title='bbox 722 3963 897 4056; x_wconf 69' lang='lat' dir='ltr'><strong>Disciplina</strong></span> <span class='ocrx_word' id='word_1_312' title='bbox 923 3984 981 4025; x_wconf 90' lang='lat' dir='ltr'><strong>seu</strong></span> <span class='ocrx_word' id='word_1_313' title='bbox 998 3965 1114 4026; x_wconf 89' lang='lat' dir='ltr'><strong>schola</strong></span> <span class='ocrx_word' id='word_1_314' title='bbox 1129 3963 1248 4058; x_wconf 52' lang='lat' dir='ltr'><strong>perseo</strong></span> 
     </span>
     <span class='ocr_line' id='line_1_41' title="bbox 158 4043 1248 4127; baseline 0.002 -21.024"><span class='ocrx_word' id='word_1_315' title='bbox 158 4043 250 4106; x_wconf 81' lang='lat' dir='ltr'><strong>tionis</strong></span> <span class='ocrx_word' id='word_1_316' title='bbox 272 4045 356 4106; x_wconf 81' lang='lat' dir='ltr'><strong>debet</strong></span> <span class='ocrx_word' id='word_1_317' title='bbox 344 4045 502 4127; x_wconf 81' lang='lat' dir='ltr'><strong>tdiscipnl</strong></span> <span class='ocrx_word' id='word_1_318' title='bbox 504 4068 537 4107; x_wconf 87' lang='grc'><strong>22</strong></span> <span class='ocrx_word' id='word_1_319' title='bbox 559 4069 629 4108; x_wconf 90' lang='grc'><strong>22222</strong></span> <span class='ocrx_word' id='word_1_320' title='bbox 644 4045 797 4108; x_wconf 77' lang='lat' dir='ltr'><strong>solvere</strong></span> <span class='ocrx_word' id='word_1_321' title='bbox 773 4068 812 4108; x_wconf 90' lang='grc'><strong>222</strong></span> <span class='ocrx_word' id='word_1_322' title='bbox 827 4046 965 4107; x_wconf 77' lang='lat' dir='ltr'><strong>ominbus</strong></span> <span class='ocrx_word' id='word_1_323' title='bbox 979 4067 1055 4126; x_wconf 80' lang='lat' dir='ltr'><strong>qnae</strong></span> <span class='ocrx_word' id='word_1_324' title='bbox 1065 4046 1248 4127; x_wconf 75' lang='lat' dir='ltr'><strong>perfectioni</strong></span> 
     </span>
     <span class='ocr_line' id='line_1_42' title="bbox 156 4127 1246 4210; baseline 0.001 -23"><span class='ocrx_word' id='word_1_325' title='bbox 156 4127 252 4190; x_wconf 80' lang='lat' dir='ltr'><strong>solent</strong></span> <span class='ocrx_word' id='word_1_326' title='bbox 263 4127 378 4208; x_wconf 79' lang='lat' dir='ltr'><strong>inferre</strong></span> <span class='ocrx_word' id='word_1_327' title='bbox 391 4149 510 4192; x_wconf 83' lang='grc'><strong>22222222</strong></span> <span class='ocrx_word' id='word_1_328' title='bbox 522 4152 541 4192; x_wconf 87' lang='grc'><strong>2</strong></span> <span class='ocrx_word' id='word_1_329' title='bbox 544 4136 612 4210; x_wconf 81' lang='lat' dir='ltr'><strong>tque</strong></span> <span class='ocrx_word' id='word_1_330' title='bbox 623 4129 819 4210; x_wconf 74' lang='lat' dir='ltr'><strong>impediment</strong></span> <span class='ocrx_word' id='word_1_331' title='bbox 822 4148 884 4206; x_wconf 87' lang='grc'><strong>22222,</strong></span> <span class='ocrx_word' id='word_1_332' title='bbox 901 4128 1075 4209; x_wconf 83' lang='lat' dir='ltr'><strong>eosdemque</strong></span> <span class='ocrx_word' id='word_1_333' title='bbox 1089 4128 1182 4190; x_wconf 82' lang='lat' dir='ltr'><strong>simul</strong></span> <span class='ocrx_word' id='word_1_334' title='bbox 1191 4133 1246 4209; x_wconf 75' lang='lat' dir='ltr'><strong>per</strong></span> 
     </span>
     <span class='ocr_line' id='line_1_43' title="bbox 156 4209 1246 4294; baseline 0.002 -24"><span class='ocrx_word' id='word_1_335' title='bbox 156 4228 188 4270; x_wconf 81' lang='grc'><strong>22</strong></span> <span class='ocrx_word' id='word_1_336' title='bbox 200 4209 371 4290; x_wconf 75' lang='lat' dir='ltr'><strong>informare</strong></span> <span class='ocrx_word' id='word_1_337' title='bbox 392 4210 435 4272; x_wconf 88' lang='lat' dir='ltr'><strong>ad</strong></span> <span class='ocrx_word' id='word_1_338' title='bbox 457 4231 547 4274; x_wconf 87' lang='lat' dir='ltr'><strong>nsum</strong></span> <span class='ocrx_word' id='word_1_339' title='bbox 562 4232 758 4293; x_wconf 78' lang='lat' dir='ltr'><strong>eorumquae</strong></span> <span class='ocrx_word' id='word_1_340' title='bbox 782 4217 852 4272; x_wconf 80' lang='lat' dir='ltr'><strong>sunt</strong></span> <span class='ocrx_word' id='word_1_341' title='bbox 870 4211 1018 4294; x_wconf 73' lang='lat' dir='ltr'><strong>perfecta.</strong></span> <span class='ocrx_word' id='word_1_342' title='bbox 1043 4211 1098 4274; x_wconf 90' lang='lat' dir='ltr'><strong>Sic</strong></span> <span class='ocrx_word' id='word_1_343' title='bbox 1121 4210 1246 4273; x_wconf 84' lang='lat' dir='ltr'><strong>Schola</strong></span> 
     </span>
    </p>
   </div>
   <div class='ocr_carea' id='block_1_5' title="bbox 187 4439 613 4504">
    <p class='ocr_par' dir='ltr' id='par_1_12' title="bbox 187 4439 613 4504">
     <span class='ocr_line' id='line_1_44' title="bbox 187 4439 613 4504; baseline 0.002 -14"><span class='ocrx_word' id='word_1_344' title='bbox 187 4439 309 4504; x_wconf 82' lang='lat' dir='ltr'><strong>lMigne,</strong></span> <span class='ocrx_word' id='word_1_345' title='bbox 323 4443 354 4490; x_wconf 92' lang='lat' dir='ltr'><strong>P.</strong></span> <span class='ocrx_word' id='word_1_346' title='bbox 366 4443 398 4492; x_wconf 93' lang='lat' dir='ltr'><strong>L.</strong></span> <span class='ocrx_word' id='word_1_347' title='bbox 412 4449 431 4491; x_wconf 81' lang='lat' dir='ltr'><strong>t.</strong></span> <span class='ocrx_word' id='word_1_348' title='bbox 445 4452 482 4492; x_wconf 84' lang='lat'><strong>66.</strong></span> <span class='ocrx_word' id='word_1_349' title='bbox 496 4445 548 4492; x_wconf 95' lang='lat' dir='ltr'><strong>col.</strong></span> <span class='ocrx_word' id='word_1_350' title='bbox 562 4451 613 4493; x_wconf 82' lang='lat'><strong>350.</strong></span> 
     </span>
    </p>
   </div>
   <div class='ocr_carea' id='block_1_6' title="bbox 1300 1711 1461 1817">
    <p class='ocr_par' dir='ltr' id='par_1_13' title="bbox 1300 1711 1461 1817">
     <span class='ocr_line' id='line_1_45' title="bbox 1330 1711 1460 1765; baseline -0.015 -8"><span class='ocrx_word' id='word_1_351' title='bbox 1330 1711 1370 1758; x_wconf 79' lang='lat' dir='ltr'><strong>Ex</strong></span> <span class='ocrx_word' id='word_1_352' title='bbox 1383 1712 1460 1765; x_wconf 76' lang='grc'><strong>2222222</strong></span> 
     </span>
     <span class='ocr_line' id='line_1_46' title="bbox 1300 1769 1461 1817; baseline 0 -1"><span class='ocrx_word' id='word_1_353' title='bbox 1300 1769 1328 1816; x_wconf 83' lang='lat' dir='ltr'><strong>S.</strong></span> <span class='ocrx_word' id='word_1_354' title='bbox 1339 1770 1461 1817; x_wconf 72' lang='lat' dir='ltr'><strong>Benedicti</strong></span> 
     </span>
    </p>
   </div>
   <div class='ocr_carea' id='block_1_7' title="bbox 1301 2044 1448 2091">
    <p class='ocr_par' dir='ltr' id='par_1_14' title="bbox 1301 2044 1448 2091">
     <span class='ocr_line' id='line_1_47' title="bbox 1301 2044 1448 2091; baseline 0 0"><span class='ocrx_word' id='word_1_355' title='bbox 1301 2044 1448 2091; x_wconf 75' lang='lat' dir='ltr'><strong>Corollaria.</strong></span> 
     </span>
    </p>
   </div>
   <div class='ocr_carea' id='block_1_8' title="bbox 1297 2359 1458 2537">
    <p class='ocr_par' dir='ltr' id='par_1_15' title="bbox 1297 2359 1458 2537">
     <span class='ocr_line' id='line_1_48' title="bbox 1322 2359 1458 2409; baseline -0.022 0"><span class='ocrx_word' id='word_1_356' title='bbox 1322 2359 1458 2409; x_wconf 77' lang='lat' dir='ltr'><strong>Oltedientiu</strong></span> 
     </span>
     <span class='ocr_line' id='line_1_49' title="bbox 1300 2419 1458 2478; baseline 0.025 -16"><span class='ocrx_word' id='word_1_357' title='bbox 1300 2419 1412 2478; x_wconf 79' lang='lat' dir='ltr'><strong>religiosa</strong></span> <span class='ocrx_word' id='word_1_358' title='bbox 1433 2423 1458 2466; x_wconf 83' lang='lat' dir='ltr'><strong>in</strong></span> 
     </span>
     <span class='ocr_line' id='line_1_50' title="bbox 1297 2479 1458 2537; baseline 0 -15"><span class='ocrx_word' id='word_1_359' title='bbox 1297 2479 1458 2537; x_wconf 81' lang='lat' dir='ltr'><strong>primnaeiale</strong></span> 
     </span>
    </p>
   </div>
   <div class='ocr_carea' id='block_1_9' title="bbox 1300 2599 1458 2718">
    <p class='ocr_par' dir='ltr' id='par_1_16' title="bbox 1300 2599 1458 2718">
     <span class='ocr_line' id='line_1_51' title="bbox 1320 2599 1458 2648; baseline -0.014 0"><span class='ocrx_word' id='word_1_360' title='bbox 1320 2599 1458 2648; x_wconf 79' lang='grc'><strong>0222222222</strong></span> 
     </span>
     <span class='ocr_line' id='line_1_52' title="bbox 1300 2659 1456 2718; baseline -0.013 -13"><span class='ocrx_word' id='word_1_361' title='bbox 1300 2662 1325 2705; x_wconf 81' lang='grc'><strong>222</strong></span> <span class='ocrx_word' id='word_1_362' title='bbox 1333 2659 1456 2718; x_wconf 75' lang='lat' dir='ltr'><strong>praelatis.</strong></span> 
     </span>
    </p>
   </div>
   <div class='ocr_carea' id='block_1_10' title="bbox 1299 2770 1456 2939">
    <p class='ocr_par' dir='ltr' id='par_1_17' title="bbox 1299 2770 1456 2939">
     <span class='ocr_line' id='line_1_53' title="bbox 1329 2770 1444 2816; baseline -0.017 0"><span class='ocrx_word' id='word_1_363' title='bbox 1329 2770 1444 2816; x_wconf 85' lang='lat' dir='ltr'><strong>Meritum</strong></span> 
     </span>
     <span class='ocr_line' id='line_1_54' title="bbox 1300 2830 1408 2873; baseline -0.028 0"><span class='ocrx_word' id='word_1_364' title='bbox 1300 2830 1337 2873; x_wconf 85' lang='lat' dir='ltr'><strong>elie</strong></span> <span class='ocrx_word' id='word_1_365' title='bbox 1339 2843 1369 2872; x_wconf 89' lang='lat' dir='ltr'><strong>nn</strong></span> <span class='ocrx_word' id='word_1_366' title='bbox 1383 2841 1408 2871; x_wconf 86' lang='lat' dir='ltr'><strong>en</strong></span> 
     </span>
     <span class='ocr_line' id='line_1_55' title="bbox 1299 2898 1456 2939; baseline 0 -9"><span class='ocrx_word' id='word_1_367' title='bbox 1299 2899 1389 2930; x_wconf 85' lang='lat' dir='ltr'><strong>senumo</strong></span> <span class='ocrx_word' id='word_1_368' title='bbox 1400 2898 1456 2939; x_wconf 68' lang='lat' dir='ltr'><strong>gra·</strong></span> 
     </span>
    </p>
   </div>
   <div class='ocr_carea' id='block_1_11' title="bbox 1235 2944 1433 2988">
    <p class='ocr_par' dir='ltr' id='par_1_18' title="bbox 1235 2944 1433 2988">
     <span class='ocr_line' id='line_1_56' title="bbox 1235 2944 1433 2988; baseline -0.01 0"><span class='ocrx_word' id='word_1_369' title='bbox 1235 2963 1239 2970; x_wconf 92' lang='lat'>·</span> <span class='ocrx_word' id='word_1_370' title='bbox 1300 2944 1330 2988; x_wconf 81' lang='lat' dir='ltr'><strong>ein</strong></span> <span class='ocrx_word' id='word_1_371' title='bbox 1342 2944 1433 2988; x_wconf 77' lang='grc'><strong>22222222-</strong></span> 
     </span>
    </p>
   </div>
   <div class='ocr_carea' id='block_1_12' title="bbox 1300 3001 1375 3047">
    <p class='ocr_par' dir='ltr' id='par_1_19' title="bbox 1300 3001 1375 3047">
     <span class='ocr_line' id='line_1_57' title="bbox 1300 3001 1375 3047; baseline 0 0"><span class='ocrx_word' id='word_1_372' title='bbox 1300 3001 1375 3047; x_wconf 83' lang='grc'><strong>222222.</strong></span> 
     </span>
    </p>
   </div>
   <div class='ocr_carea' id='block_1_13' title="bbox 1303 3408 1459 3515">
    <p class='ocr_par' dir='ltr' id='par_1_20' title="bbox 1303 3408 1459 3515">
     <span class='ocr_line' id='line_1_58' title="bbox 1308 3408 1459 3456; baseline 0.007 -2"><span class='ocrx_word' id='word_1_373' title='bbox 1308 3408 1424 3455; x_wconf 76' lang='lat' dir='ltr'><strong>Proltalio</strong></span> <span class='ocrx_word' id='word_1_374' title='bbox 1432 3421 1459 3456; x_wconf 84' lang='lat' dir='ltr'><strong>ex</strong></span> 
     </span>
     <span class='ocr_line' id='line_1_59' title="bbox 1303 3466 1440 3515; baseline 0.022 -3"><span class='ocrx_word' id='word_1_375' title='bbox 1303 3466 1440 3515; x_wconf 80' lang='lat' dir='ltr'><strong>traditione.</strong></span> 
     </span>
    </p>
   </div>
   <div class='ocr_carea' id='block_1_14' title="bbox 1300 3958 1459 4063">
    <p class='ocr_par' dir='ltr' id='par_1_21' title="bbox 1300 3958 1459 4063">
     <span class='ocr_line' id='line_1_60' title="bbox 1304 3958 1459 4006; baseline 0.006 -1"><span class='ocrx_word' id='word_1_376' title='bbox 1304 3958 1421 4006; x_wconf 80' lang='lat' dir='ltr'><strong>Probatio</strong></span> <span class='ocrx_word' id='word_1_377' title='bbox 1432 3971 1459 4006; x_wconf 79' lang='grc'><strong>22</strong></span> 
     </span>
     <span class='ocr_line' id='line_1_61' title="bbox 1300 4018 1400 4063; baseline 0.03 -3"><span class='ocrx_word' id='word_1_378' title='bbox 1300 4018 1400 4063; x_wconf 80' lang='lat' dir='ltr'><strong>ratione.</strong></span> 
     </span>
    </p>
   </div>
   <div class='ocr_carea' id='block_1_15' title="bbox 0 0 1578 5004">
    <p class='ocr_par' dir='ltr' id='par_1_22' title="bbox 0 0 1578 5004">
     <span class='ocr_line' id='line_1_62' title="bbox 0 0 1578 5004; baseline 0 0"><span class='ocrx_word' id='word_1_379' title='bbox 0 0 1578 5004; x_wconf 95' lang='lat' dir='ltr'><strong> </strong></span> 
     </span>
    </p>
   </div>
  </div>
 </body>
</html>
