3142 5004
310 389 371 454 194
675 417 877 466 unusquam.
894 419 989 456 suerro
1005 419 1034 455 ιν

310 524 433 618 minus,
460 543 525 586 non
554 530 694 609 putatur
719 527 978 609 incorrigibilis3
1009 531 1041 607 c)
1068 527 1114 592 Ut
1141 526 1261 608 ejectio
1290 525 1349 587 fiat
1377 545 1401 587 a

312 608 492 690 Superiore
519 608 687 686 Generali,
715 611 769 674 vel
794 613 914 674 saltem
937 632 957 673 a
973 610 1189 689 Prouinciali,
1221 614 1399 672 exstructo

312 713 484 779 processu,
509 694 686 774 causisque
709 694 883 775 ejectionis
907 694 1069 757 canonice
1094 693 1257 775 probatis.

354 775 529 841 Sententia
543 777 746 858 expulsionis
764 778 985 858 significanda
1000 784 1052 839 est
1067 776 1237 858 Episcopo
1253 777 1286 838 in
1304 775 1401 856 cujus

313 859 456 954 dioecesi
481 861 638 942 expulsus
662 857 836 922 considere
859 859 992 940 debeat,
1017 879 1076 922 seu
1093 861 1204 943 potius
1220 854 1402 921 Ordinatio

313 962 466 1019 originis.

356 1027 479 1090 Forma
491 1024 606 1106 judicii
628 1030 662 1086 et
679 1025 856 1090 methodus
879 1025 1048 1088 servanda
1064 1026 1170 1106 magis
1195 1023 1404 1086 deliniuntur

314 1110 400 1172 binis
423 1107 566 1171 decretis
593 1107 628 1171 S.
656 1108 936 1190 Congregationis
963 1109 1126 1172 Concilii:
1152 1107 1250 1170 Sucro
1266 1106 1404 1188 Congre-

283 1205 286 1212 ’
312 1191 400 1274 gotio
412 1192 520 1274 (jussu
533 1191 660 1254 Urbani
673 1195 760 1271 vm),
774 1214 810 1256 21
825 1199 910 1275 sept.
931 1197 1026 1274 16243
1044 1199 1077 1254 ct
1093 1188 1281 1254 Iusiautibus
1293 1189 1405 1270 (jussu

315 1273 508 1339 Innocentis
523 1275 597 1351 xri),
616 1294 655 1355 24
667 1273 729 1355 jul.
750 1281 839 1357 1694.

357 1356 466 1420 Hodie
492 1375 586 1428 veru,
618 1377 694 1418 cum
722 1357 793 1419 fere
823 1377 890 1419 non
921 1359 964 1421 sit
994 1359 1091 1440 copia
1123 1357 1211 1418 hane
1242 1355 1399 1416 servandi

316 1439 523 1514 methodum,
541 1440 650 1503 solent
666 1439 865 1521 Superiores
881 1442 973 1504 adire
996 1444 1037 1502 ad
1064 1441 1100 1504 S.
1118 1439 1245 1519 Congr.
1260 1438 1400 1518 Episco-

317 1543 436 1606 porum
459 1529 493 1584 ct
514 1521 733 1601 Regularium
758 1517 944 1606 velfSuper
966 1524 1140 1605 disciplina
1156 1521 1401 1601 regulari,quo

223 1625 227 1632 ·
318 1607 454 1668 valcant
465 1604 621 1666 breviore
634 1604 689 1666 via
702 1605 894 1687 religiosum
908 1607 1084 1688 expellere.
1100 1603 1171 1668 Cfr.
1185 1605 1401 1667 Documenta

132 1791 262 1847 Martiales,

133 1960 165 2007 Iu
185 1959 248 2006 Cou-

103 2019 239 2076 gregalium

105 2075 227 2140 religioso.

136 2217 206 2285 Leges
216 2274 220 2282 ³
229 2214 266 2261 di·

107 2287 241 2322 missionis.

136 2357 169 2404 In
194 2354 267 2403 Ordi-

107 2415 176 2462 nibus
202 2415 267 2461 viro-

108 2487 170 2519 rum.

116 2703 268 2750 Nominatim

110 2761 137 2807 de
164 2757 276 2818 legitimu'

110 2831 191 2866 curua.

142 3707 204 3768 Quid
227 3705 253 3752 de

112 3766 230 3825 dispensu-

113 3824 193 3872 tione?

140 3934 233 3994 Deejus

114 3995 246 4054 opportuni·

115 4056 171 4109 tate,

318 1689 457 1752 alterius
472 1685 566 1749 tomi.

361 1793 391 1834 2.
415 1768 567 1834 Meuiales
589 1789 703 1852 presse
726 1772 811 1835 tales
828 1792 895 1834 nou
918 1774 1133 1855 expelluntur
1157 1769 1228 1834 sine
1245 1771 1281 1834 S.
1306 1766 1401 1833 Sedis

320 1853 537 1916 auctoritate.

363 1959 392 2016 3.
410 1937 446 1998 Iu
462 1935 759 2017 Congregaiiouidus
774 1935 926 2018 religiosis
941 1939 1075 2019 proprie
1087 1937 1185 1999 dictis
1201 1935 1321 2018 ejectio
1338 1953 1405 1996 non

321 2025 505 2098 usurpatur
521 2037 544 2078 a
557 2018 795 2100 Superioribus
811 2019 960 2083 Instituti
977 2021 1038 2082 nisi
1052 2028 1218 2101 quatenus
1233 2017 1404 2080 Constitu-

322 2103 469 2166 tionibus
485 2101 609 2164 diserte
626 2103 843 2182 permittitur.

364 2187 452 2251 332.
478 2185 574 2266 Quod
597 2186 638 2245 ad
661 2188 918 2258 dimissionem,
948 2209 974 2250 1.
999 2187 1036 2248 ln
1060 2184 1230 2248 Ordinibus
1245 2184 1402 2246 virorruu:

363 2272 396 2345 a)
413 2268 551 2349 Spectat
564 2267 822 2330 ad·Generalem
840 2289 914 2331 cum
928 2289 988 2330 suo
1002 2269 1152 2345 consilio,
1171 2269 1226 2346 qui
1244 2274 1356 2328 tamen
1371 2264 1404 2326 in

324 2351 457 2414 casibus
473 2350 749 2413 extraordinariis
766 2353 868 2430 valet,
886 2351 1084 2433 praesertim
1106 2352 1139 2413 in
1155 2349 1280 2413 dissitis
1296 2346 1403 2428 regio-

325 2434 433 2510 nibus,
465 2432 659 2512 permittere
689 2441 725 2494 ut
756 2434 959 2497 decernatur
988 2433 1135 2498 dimissio
1168 2455 1189 2495 a
1222 2430 1334 2514 probis
1370 2437 1403 2490 et

324 2514 544 2598 prudentibus
559 2515 735 2594 religiosis
753 2516 808 2595 qui
824 2519 943 2580 saltem
960 2524 1029 2579 tres
1045 2537 1118 2579 esse
1130 2516 1263 2579 debent.

365 2599 398 2676 b)
422 2599 521 2660 Nulla
541 2596 753 2659 observanda
769 2605 819 2660 est
832 2599 940 2680 formu
951 2595 1141 2683 judiciaria.
1196 2627 1209 2672 ῃ

367 2682 397 2758 c)
421 2678 617 2759 Requiritur
643 2679 793 2759 legitima
817 2701 919 2744 causa
946 2702 1031 2762 quae
1051 2684 1158 2765 grauis
1180 2699 1253 2742 esse
1279 2677 1400 2751 debet3

325 2762 426 2824 immo
456 2761 594 2842 gravior
612 2781 712 2840 quam
727 2781 813 2842 quae
836 2765 878 2826 ad
901 2765 1159 2847 dispensandum
1183 2763 1271 2826 foret
1291 2779 1405 2824 neces-

325 2847 437 2908 saria:
474 2865 550 2906 nam
585 2844 745 2926 Superior
775 2847 944 2911 dimittens
978 2867 1046 2910 non
1076 2848 1180 2912 habet
1212 2847 1405 2910 facultatem

325 2927 549 3006 dispensandi.
844 2963 846 2966 -

368 3011 481 3074 Causa
496 3016 608 3073 tamen
631 3011 853 3075 committitur
877 3013 1004 3096 judicio
1028 3024 1061 3078 et
1086 3011 1314 3076 conscientiae
1342 3011 1403 3073 Su·

326 3093 672 3175 perioris'regularis.
697 3096 733 3158 S.
762 3095 886 3177 Congr.
918 3097 1027 3180 Super
1054 3105 1147 3160 statu
1175 3093 1405 3177 Regularium,

330 3196 365 3255 15
381 3178 559 3256 dec.·1893.

366 3261 557 3344 Judicatum
570 3266 621 3322 est
634 3281 700 3323 non
713 3281 786 3324 esse
799 3261 892 3339 satis,
903 3263 975 3326 sine
987 3265 1052 3326 alia
1065 3281 1187 3328 causae
1202 3260 1404 3342 cognitione,

326 3341 353 3403 si
371 3342 564 3425 simpliciter
580 3343 751 3424 professus
768 3365 788 3406 a
804 3346 931 3427 majore
948 3346 1076 3409 consilii
1091 3352 1187 3426 parte
1200 3347 1254 3406 vel
1270 3340 1406 3404 secretis

327 3426 463 3502 capituli
487 3425 653 3505 suffragiis
677 3425 764 3489 foret
790 3428 959 3510 rejectus;
988 3449 1049 3490 nec
1079 3429 1107 3490 si
1134 3427 1204 3508 ipse
1234 3427 1405 3507 professus

326 3507 510 3570 affirmaret
532 3508 700 3570 obstinate
724 3509 785 3571 sibi
809 3511 924 3574 deesse
946 3514 1000 3574 vel
1027 3511 1172 3574 defuisse
1198 3509 1348 3572 animum
1375 3511 1406 3568 et

327 3592 539 3653 vocationem
552 3590 694 3654 ducendi
706 3591 811 3655 vitam
826 3593 1030 3675 religiosam.

362 3683 446 3742 Haec
459 3683 574 3741 facilius
588 3685 662 3742 ratio
674 3703 738 3743 esse
751 3698 876 3759 possunt
898 3685 1099 3768 dispensandi.
1114 3686 1287 3761 Antequam
1307 3695 1407 3743 autem

326 3767 421 3826 dehis
435 3769 520 3826 detur
534 3770 703 3842 consilium,
716 3782 833 3830 maturo
853 3791 929 3848 opus
942 3784 988 3831 est
998 3773 1113 3850 judicio
1126 3782 1155 3831 et
1177 3773 1306 3847 prudens
1328 3770 1410 3828 adhi-

326 3855 424 3912 benda
436 3855 582 3913 discretio.

365 3937 434 3996 Non
444 3938 551 3996 desunt
561 3940 642 3997 enirn
656 3941 717 4014 qui,
729 3941 865 4014 deposito
880 3941 1023 4014 languore
1036 3950 1065 3999 et
1080 3941 1288 4011 haesitatione,
1301 3939 1411 3996 alacres

292 4045 294 4048 ·
326 4021 390 4098 jarn
406 4033 434 4080 et
444 4023 513 4080 laeti
524 4024 555 4081 in
569 4025 726 4082 sanctitate
738 4026 938 4099 procederent,
950 4027 975 4083 si
986 4043 1105 4099 prorsus
1115 4025 1278 4102 abjicerent
1288 4039 1409 4081 omnem

328 4123 411 4180 spem
423 4107 469 4165 vel
480 4119 628 4166 remotum
648 4119 814 4183 respectum
828 4111 955 4168 exuendi
966 4129 1017 4184 per
1030 4110 1285 4183 dispensationem
1305 4121 1409 4181 graves

328 4197 421 4248 status
431 4190 476 4248 sui
487 4193 691 4268 obligationes.
704 4191 827 4251 Nullam
838 4203 939 4252 autem
951 4194 1100 4267 negligere
1111 4203 1226 4268 oportet
1236 4209 1343 4251 ansam
1356 4190 1409 4248 eri-

328 4277 557 4350 gendianimum
567 4279 602 4335 iis
612 4279 673 4352 qui,
685 4279 715 4336 in
726 4279 775 4336 via
784 4279 986 4349 consiliorum,
994 4279 1031 4335 ad
1042 4278 1268 4336 nobiliaChristi
1279 4276 1409 4350 praemia

328 4369 522 4428 contendunt.
536 4368 614 4426 Fieri
627 4376 729 4424 tamen
742 4365 832 4424 etiam
846 4373 951 4438 potest,
967 4373 999 4421 ut
1008 4363 1074 4440 jam
1089 4363 1130 4421 ita
1144 4364 1302 4421 invaluerit
1315 4363 1407 4436 phan-
