3142 5004
328 433 391 498 146
609 457 678 496 rans
693 458 815 509 quanm.
832 459 928 496 suerro
944 461 984 497 111.
1002 459 1093 498 canor
1107 461 1128 496 ιι
1181 503 1184 508 v

330 594 572 658 monasterium
595 595 660 658 hoc
682 615 744 659 suo
767 595 906 660 cesserit
924 595 1001 680 jure
1026 597 1079 660 vel
1105 596 1284 674 religiosus
1302 596 1335 660 in
1351 618 1413 661 sua

329 676 583 742 renunciatione
612 677 691 760 jura
729 698 791 741 sua
823 677 971 761 legitime
996 680 1094 744 alteri
1121 679 1312 745 tradiderit.
1344 680 1414 744 Cf.

329 779 444 842 supra,
461 782 495 824 n.
511 775 669 840 nox-204.
1270 791 1273 797 f

369 844 577 908 Hereditatis
607 865 715 928 capax
742 851 888 908 nonest
918 844 1010 908 Ordo
1038 845 1198 910 Fratrum
1230 846 1411 926 Minorum,

328 927 486 990 Fratrum
504 927 584 990 Min.
602 927 884 1011 Capuccinorum‚
903 928 1056 991 Societas
1067 930 1148 1013 Jesu
1162 929 1328 1012 professa.

126 1018 275 1088 Jaspeca'ate
369 1011 459 1076 243.
489 1011 541 1074 De
560 1009 637 1092 jure
664 1011 700 1075 8.
728 1010 912 1089 Pontificis,
936 1031 1002 1092 quo
1021 1012 1084 1076 hos
1110 1012 1250 1075 effectus
1277 1033 1318 1075 ex
1345 1019 1417 1076 toto

112 1075 270 1185 mam
328 1094 382 1156 vel
397 1101 550 1178 exparte
572 1113 592 1155 a
608 1095 760 1156 sollemni
776 1093 985 1178 paupertatis
1008 1100 1089 1157 voto
1105 1097 1219 1157 valeat
1242 1115 1415 1178 separare,

327 1175 426 1240 hodie
439 1176 565 1257 ambigi
582 1175 709 1258 nequit.

368 1261 444 1323 Hoc
460 1279 562 1342 porro
579 1259 657 1341 jure
673 1279 754 1323 usus
777 1267 828 1323 est
851 1260 1016 1324 adversus
1038 1280 1169 1343 regnum
1191 1259 1308 1344 Belga,
1325 1261 1416 1342 quod

327 1347 407 1406 tunc
416 1343 576 1424 temporis
585 1343 686 1406 etiam
694 1351 808 1425 partes
819 1341 1011 1406 Hollondiae
1022 1343 1217 1405 continebat
1229 1348 1253 1408 ¹.
1266 1344 1412 1422 Etenim,

330 1448 343 1490 1
368 1427 440 1489 dec.
467 1432 556 1501 1820,
583 1425 618 1489 8.
643 1426 919 1504 Paenitentiaria,
948 1427 988 1488 de
1018 1443 1178 1507 expressa
1208 1425 1409 1488 auctoritate

326 1509 523 1590 apostolica,
541 1508 709 1571 concessit
725 1508 831 1588 Regni
848 1509 977 1588 Belgici
993 1508 1219 1589 Regularibus
1236 1507 1409 1588 utriusque

325 1609 426 1654 sexus
434 1591 505 1669 jam
521 1591 729 1655 sollemniter
744 1592 915 1671 professis,
933 1599 983 1670 ut,
1003 1617 1016 1646 «
1036 1610 1104 1653 cum
1119 1590 1221 1654 debito
1244 1613 1264 1654 o
1277 1591 1410 1671 superto-

324 1672 409 1736 ribns
430 1672 579 1756 legitimis
601 1673 835 1756 dependentia,
856 1700 870 1730 »
895 1674 984 1736 bona
1006 1692 1092 1754 quae
1115 1675 1157 1737 ad
1181 1675 1271 1755 ipsos
1293 1693 1411 1756 perve-

325 1755 436 1819 nirent
453 1782 467 1812 ‹
485 1757 674 1837 acquirere,
699 1756 857 1833 retinere,
874 1755 1113 1819 administrare
1136 1760 1298 1819 valerentv
1315 1764 1349 1819 et
1371 1757 1412 1818 de

325 1838 364 1901 iis
379 1838 412 1901 in
429 1839 500 1922 pios
516 1841 744 1920 honestosque
760 1859 842 1902 usus
857 1839 1033 1920 disponere
1046 1840 1058 1870 ²
1073 1866 1102 1904 ».
1116 1839 1179 1902 Die
1190 1858 1272 1903 vero
1289 1861 1325 1918 31
1339 1839 1412 1921 julii

328 1927 418 2002 1878,
448 1921 843 2004 E1n¹¹³Archiepiscopus
869 1922 1131 2000 Mechliniensis,
1151 1921 1189 1986 C.
1206 1922 1410 2005 Dechamps,
1489 1997 1490 2002 γ

324 2004 517 2086 impetravit
547 2024 607 2087 per
637 2006 673 2069 8.
706 2004 832 2085 Congr.
856 2004 1000 2086 negotiis
1031 2004 1272 2068 ecclesiasticis
1301 2011 1414 2068 extra-

324 2086 503 2150 ordinariis
529 2089 770 2172 praepositam,
793 2087 1055 2150 declarationem
1091 2087 1328 2150 authenticam
1360 2089 1411 2150 vis

324 2171 553 2253 permanentis
568 2170 752 2253 superioris
769 2168 923 2252 rescripti
939 2170 963 2233 ³.

366 2254 491 2337 Quare,
509 2254 542 2316 in
557 2255 675 2334 Belgio
691 2262 724 2316 et
739 2253 953 2332 Neerlandia,
971 2259 1008 2314 ut
1023 2257 1181 2316 autumat
1197 2253 1241 2316 R.
1261 2253 1304 2315 D.
1321 2252 1409 2314 Mar-

324 2337 378 2398 res
394 2338 418 2415 ⁴,
435 2337 611 2416 utriusque
626 2356 725 2398 sexus
742 2336 925 2416 regulares,
950 2339 1014 2398 etsi
1036 2334 1242 2398 sollemniter
1258 2335 1410 2419 professi,

323 2437 391 2480 non
414 2426 493 2484 sunt
520 2419 655 2481 dominii
682 2420 871 2499 incapaces,
896 2418 955 2480 sed
971 2419 1060 2481 bona
1075 2417 1086 2454 ⁵
1102 2418 1278 2497 acquirere
1298 2419 1412 2480 valent

325 2506 358 2562 et
371 2502 526 2578 retinere,
536 2520 654 2581 eaque,
665 2520 740 2562 cum
753 2501 914 2563 facultate
927 2501 1159 2584 Superiorum,
1175 2499 1411 2563 administrare

324 2590 358 2644 et
381 2581 414 2644 in
440 2584 513 2664 pios
539 2583 767 2663 honestosque
794 2602 875 2645 usus
902 2583 1093 2666 impendere
1119 2583 1230 2645 valide
1259 2588 1292 2643 et
1318 2581 1409 2644 licite
1441 2617 1446 2626 ,

347 2674 478 2729 ossunt.

323 2684 345 2747 p
365 2749 411 2811 N.
427 2749 470 2810 Β.
486 2745 656 2829 Regufores
671 2745 725 2808 hic
742 2754 821 2809 sunt
842 2746 944 2810 etiam
971 2747 1027 2828 qui
1050 2747 1232 2831 simplicem
1257 2745 1410 2808 fecerunt

325 2829 566 2912 professionem
581 2850 588 2906 3
605 2826 712 2911 Belgii
727 2836 840 2892 autem
864 2832 1037 2911 regulares
1053 2831 1209 2893 videntur
1225 2848 1299 2892 esse
1313 2834 1411 2908 quot-

325 2921 406 2990 quot
422 2913 637 2975 asciscuntur
653 2913 686 2973 in
700 2913 975 2975 communitatem
991 2912 1110 2993 Belgii.
1126 2913 1195 2978 Cfr.
1210 2913 1375 2993 Angelum
1392 2932 1412 2973 a

326 2994 388 3058 88.
407 2994 528 3070 Corde,
543 3015 576 3058 n.
591 3017 661 3075 291,
679 3015 711 3078 p.
725 3017 798 3074 313.

125 3089 271 3158 Quidss'lfge
366 3079 456 3144 244.
485 3079 646 3158 Quaeres
672 3077 750 3158 quid
772 3079 859 3160 juris
885 3077 943 3139 ubi
963 3076 1038 3157 ipsis
1059 3076 1254 3140 monasteriis
1269 3080 1413 3156 negatur

109 3154 269 3252 ΨΜ,
325 3159 426 3223 civilis
441 3162 611 3245 capacitas
626 3161 821 3240 acquirendi
836 3160 951 3223 bona?
967 3161 1006 3222 In
1022 3160 1173 3242 pluribus
1189 3160 1289 3223 hodie
1304 3159 1413 3239 regio·

104 3219 269 3356 iillziipii-
325 3245 434 3324 nibus,
463 3266 497 3309 v.
524 3264 576 3325 gr.
605 3244 636 3306 in
663 3243 793 3324 Belgio,
819 3242 939 3312 Gallia,
969 3242 1077 3317 Italia,
1107 3245 1160 3304 lex
1187 3241 1293 3305 civilis
1311 3246 1412 3322 negat

107 3323 212 3371 saamui.
321 3328 502 3409 juridicum
518 3347 591 3390 esse
614 3327 896 3388 monasteriorum
924 3331 957 3388 et
979 3326 1216 3388 Institutorum
1240 3324 1412 3404 religioso-

325 3430 412 3476 rum.
430 3413 550 3476 Restat
572 3416 652 3472 tunc
676 3416 714 3470 ut
737 3409 871 3489 quidam
888 3409 978 3470 cives
994 3409 1083 3470 bona
1099 3407 1291 3469 communia
1307 3405 1412 3487 possi-

325 3493 426 3557 deant
449 3514 510 3576 pro
536 3491 755 3554 monasterio.
781 3492 874 3574 Quas
899 3498 1013 3572 partes
1040 3510 1152 3570 agere,
1171 3490 1244 3571 ipsa
1268 3495 1411 3570 cogente

325 3579 540 3651 necessitate,
568 3575 631 3654 ipsi
657 3575 842 3654 Regulares
866 3592 933 3634 non
948 3573 1183 3656 prohibentur.
1201 3572 1266 3655 Qui
1283 3579 1409 3648 tamen,

324 3659 388 3722 nisi
413 3657 550 3741 speciali
576 3657 733 3718 fruantur
760 3657 888 3718 indulto
904 3647 928 3735 ⁶,
953 3658 986 3717 in
1012 3655 1085 3718 foro
1108 3654 1347 3732 conscientiae,
1371 3672 1412 3715 ea

354 3870 362 3904 1
374 3865 430 3912 cfr.
444 3863 471 3911 in
482 3865 567 3911 altero
578 3868 652 3911 tomo
661 3863 887 3922 Supplementum
897 3875 945 3917 vn,
957 3863 995 3909 De
1005 3862 1155 3920 Paupertate.

352 3923 430 3972 2ctr.
443 3922 552 3974 Lucidi.
564 3922 601 3969 De
616 3922 769 3976 Visitarione,
782 3933 812 3973 11,
823 3933 848 3966 c.
861 3926 883 3974 5,
895 3933 922 3968 n.
935 3928 987 3976 473,
1000 3933 1027 3977 p.
1041 3927 1092 3978 334.

352 3985 363 4020 3
379 3983 526 4029 Decretum
542 3980 673 4028 insertum
688 3987 728 4028 est
743 3978 771 4026 in
787 3977 862 4024 nevae
874 3977 988 4036 ge'ne'role,
1006 3977 1067 4026 dec.
1086 3985 1150 4034 1878.
1169 3976 1225 4025 Cfr.
1239 3976 1413 4023 Documenta

325 4040 352 4089 in
363 4041 450 4087 altero
462 4043 545 4086 tomo.

353 4097 533 4153 ⁴DeJusmia,
546 4102 564 4144 t.
578 4109 597 4153 1,
633 4114 702 4154 ·440·
1394 4145 1399 4155 Ι

324 4159 363 4264 ΟΞ
374 4157 526 4216 Quaenam,
538 4154 567 4202 id
575 4109 660 4202 hales
671 4168 703 4201 ex
711 4152 881 4213 possessione
890 4164 972 4210 quam
987 4149 1106 4198 retinent
1116 4147 1279 4209 simpliciter
1287 4147 1412 4208 professl.

359 4229 380 4262 Γ.
466 4237 485 4266 ο,
498 4227 524 4260 ὃ..

351 4220 566 4320 6D²e⁴v⁵1'indulti
583 4266 706 4318 concessi
723 4268 817 4328 Belgio
833 4267 950 4317 dicimus
966 4266 994 4314 in
1009 4267 1208 4326 supplemento.
1227 4265 1287 4312 Nec
1303 4261 1411 4311 inficias

324 4330 395 4379 imus
410 4330 481 4390 stylo
492 4327 671 4377 tribunalium
687 4325 812 4374 civilium
822 4324 962 4385 religiosos
977 4325 1036 4385 cogi
1054 4338 1133 4384 posse
1143 4332 1173 4370 ut
1183 4337 1279 4391 uerum
1290 4319 1411 4369 habeant

324 4389 445 4436 animum
461 4387 564 4435 domini
592 4387 647 4434 Cfr.
666 4387 707 4433 De
726 4386 813 4438 Buck,
830 4384 869 4448 Dae
886 4384 947 4430 l'e'tat
958 4383 1069 4442 religieux
1080 4398 1106 4429 m
1117 4382 1237 4440 Belgrque‚
1254 4395 1286 4427 ou
1296 4378 1373 4426 XIX.
1386 4392 1408 4426 s.

324 4445 423 4494 Tutius
434 4451 525 4493 tamen
535 4451 601 4492 tunc
611 4443 663 4491 erit
671 4443 817 4502 impetrare
828 4441 974 4488 indultum.
