3148 5004
140 483 320 566 [165-167]
470 503 505 537 uu
522 502 688 537 nunrssrona
703 501 732 536 rn
749 493 926 538 summosam

361 693 376 782 l
410 709 442 764 1.
474 683 529 763 ln
559 682 774 764 laslilulz's
804 680 996 764 virorum

183 891 270 954 166.
292 887 377 971 Jura
406 886 533 948 volunt·
555 892 592 948 ut
619 885 819 968 Superiores
842 885 1017 965 regulares
1047 884 1226 966 diligenter

138 972 314 1052 inquirant
339 970 380 1031 de
406 969 628 1051 qualitatibus
650 987 767 1030 eorum
789 988 874 1049 quos
896 967 1002 1030 velint
1025 967 1060 1030 in
1076 968 1225 1030 novitios

138 1063 316 1136 cooptare.
330 1054 367 1115 In
383 1071 449 1134 qua
462 1071 498 1113 re
510 1053 576 1114 duo
588 1051 801 1133 potissimum
813 1056 996 1136 versantur
1011 1051 1227 1116 sanctionum

162 1155 277 1198 enera.

138 1157 160 1218 g
183 1242 211 1282 1.
230 1220 383 1280 Alterum
400 1217 593 1278 continetur
610 1214 648 1277 C.
666 1215 751 1278 Sixti
767 1231 801 1292 v,
816 1215 897 1278 Cum
912 1215 949 1277 de
964 1215 1113 1285 awaribus,
1135 1221 1224 1296 1587,

138 1309 172 1364 et
199 1301 238 1363 C.
268 1300 450 1362 Clementis
477 1315 550 1376 vm,
576 1297 713 1360 Cumad
738 1295 922 1380 regularem,
951 1321 984 1379 19
1008 1308 1107 1361 mart.
1136 1303 1225 1378 1603,

138 1403 225 1464 quae
249 1383 371 1444 iterum
399 1382 614 1463 promulgata
641 1389 692 1442 est
715 1382 757 1444 ab
774 1381 912 1444 Urbano
927 1398 1003 1444 vrrr.
1020 1382 1084 1444 His
1099 1389 1228 1462 praeci·

1282 897 1354 958 Leges
1373 898 1443 950 tatae.

1310 1222 1357 1271 Jus
1374 1221 1449 1274 stati.

1281 1283 1330 1348 vet
1341 1279 1439 1330 Clemen-

1283 1349 1314 1384 ns
1322 1351 1382 1385 vm.

137 1468 227 1612 pitur
248 1465 488 1548 Superioribus
518 1463 733 1543 regularibus
762 1463 910 1535 virorum.
929 1474 967 1526 ut
995 1483 1162 1526 nemmem
1185 1463 1229 1526 ad
1297 1505 1300 1510 ·

85 1587 87 1594 ·
163 1550 292 1612 abitum
328 1548 512 1610 admittant
541 1546 605 1608 nisi
635 1553 712 1624 post
742 1547 937 1626 diligentem
966 1557 1000 1609 et
1029 1546 1228 1610 accuratam

140 1635 366 1711 cognitionem
405 1630 446 1691 de
478 1630 702 1709 qualitatibus
731 1629 913 1692 candidati.
951 1630 1020 1692 Eas
1059 1629 1228 1709 intelligas

141 1715 319 1793 qualitates
332 1733 419 1794 quae
435 1714 656 1791 requiruntur
669 1731 688 1772 a
700 1711 806 1774 sacris
820 1713 1007 1777 canonibus
1020 1718 1054 1774 et
1067 1711 1128 1775 SS.
1140 1713 1228 1776 Pon·

140 1796 268 1860 tificum
294 1795 607 1871 constitutionibus,
636 1814 675 1856 ac
699 1796 855 1875 spiritum
873 1802 1086 1876 mentemque
1107 1794 1228 1875 quibus

139 1881 182 1942 ad
198 1877 410 1958 Religionem
430 1878 626 1958 impellitur.

176 1981 264 2058 Quod
285 1982 323 2038 ad
345 1982 523 2055 cognitionis
545 1982 680 2051 modum,
708 1982 782 2039 haec
807 1981 937 2054 permitti
963 1990 1059 2056 potest
1078 1981 1229 2058 judicibus
1281 1985 1283 1988 ’

139 2065 346 2123 ecclesiasticis
370 2067 417 2122 vel
437 2066 630 2135 secularibus
651 2073 703 2121 aut
724 2065 862 2138 religioso
883 2082 973 2138 quem
992 2065 1132 2138 Superior
1153 2065 1229 2121 desi-

139 2149 293 2223 gnaverit3
320 2150 573 2206 communicanda
601 2167 671 2205 vero
696 2159 740 2205 est
766 2166 834 2205 cum
860 2150 991 2222 capitulo
1021 2148 1152 2220 generali
1178 2159 1231 2206 aut

139 2232 314 2307 provinciali
339 2233 386 2288 vel
408 2233 615 2306 Superioribus
637 2235 764 2289 duorum
780 2244 833 2289 aut
845 2233 934 2290 trium
948 2243 1164 2303 conventuum,
1181 2232 1229 2289 vel

139 2317 233 2374 tribus
247 2334 283 2372 ex
296 2316 514 2389 antiquioribus
529 2312 617 2374 unius
629 2317 801 2374 monasterii
815 2317 970 2388 religiosis.

176 2396 289 2454 Graves
311 2397 504 2455 committunt
525 2416 637 2472 poenas
657 2415 727 2455 eum
750 2399 770 2454 ii
794 2399 855 2473 qui,
876 2394 912 2456 ob
926 2394 1089 2478 neglectum
1103 2392 1229 2477 inquisi-

139 2475 260 2550 tionem,
278 2480 453 2537 admiserint
472 2483 646 2538 candidatos
661 2483 795 2555 ingressu
809 2500 828 2539 a
846 2483 929 2540 Sixto
943 2499 963 2539 v
976 2483 1149 2556 prohibitos,
1164 2493 1229 2540 tum

138 2565 226 2622 ceteri
240 2563 291 2638 qui
305 2564 335 2621 in
350 2582 454 2622 eorum
465 2567 658 2623 admissionis
673 2566 783 2625 luerint
795 2568 954 2626 consortio.
1025 2588 1028 2592 ·

174 2649 314 2706 Pluribus
338 2659 440 2706 tamen
466 2648 629 2707 Ordinibus
650 2652 730 2724 rigor
753 2652 877 2709 istarum
900 2651 1158 2709 Constitutionum
1186 2659 1230 2710 est

138 2750 190 2806 per
201 2733 284 2789 varia
299 2731 419 2789 indulta
434 2745 626 2807 temperatus

180 2853 211 2894 a.
229 2831 304 2914 Quo
321 2836 437 2893 autem
454 2832 488 2892 in
501 2832 565 2894 hac
582 2832 776 2913 cognitione
789 2825 896 2910 magis
904 2833 1108 2914 juvarentur
1122 2834 1229 2915 Supe-

140 2913 259 2988 riores,
276 2913 356 2975 Pius
372 2929 418 2988 IX,
435 2915 584 2976 Decreto
595 2915 732 2977 Romani
743 2915 909 2994 Pontifices
925 2915 935 2942 ³
949 2916 1002 2977 die
1014 2935 1051 2996 25
1061 2917 1133 2997 jan.
1151 2922 1229 2998 1848

141 2993 230 3056 edito
245 3013 304 3076 per
330 2994 457 3076 Congr.
487 2998 597 3079 Super
621 2996 722 3060 Statu
749 2998 982 3078 Regularium.
1008 3005 1229 3080 praeceptum

140 3076 363 3154 obedientiae,
383 3079 490 3141 variis
513 3080 630 3161 poenis
652 3081 664 3110 ²
687 3080 866 3158 sancitum,
891 3080 971 3142 fecit
988 3080 1228 3163 Superioribus

140 3157 305 3231 Ordinum
322 3167 354 3220 et
371 3160 681 3242 Congregationum
699 3166 852 3240 virorum
868 3169 902 3224 et
918 3163 958 3223 iis
975 3163 1017 3224 ad
1033 3182 1117 3243 quos
1133 3183 1229 3245 spec-

137 3247 203 3319 tat,
234 3240 402 3306 neminem
430 3245 628 3308 admittendi
654 3245 696 3306 ad
712 3243 865 3307 habiturn
893 3244 964 3306 sine
987 3245 1108 3306 litteris
1133 3248 1229 3307 testi-

137 3323 339 3387 monialibus
366 3325 624 3389 Ordinariorum
651 3334 722 3389 tum
749 3326 887 3406 originis
915 3333 986 3388 tum
1012 3327 1076 3389 loci
1102 3327 1135 3389 in
1162 3346 1228 3408 quo

137 3409 326 3489 postulanS,
348 3426 382 3486 15
400 3429 507 3470 annos
524 3417 635 3488 natus,
653 3412 745 3473 ultra
760 3429 886 3471 annum
904 3415 1056 3471 moratus
1073 3409 1184 3472 luerit.

179 3490 327 3552 Decreto
344 3489 398 3552 isti
412 3491 605 3573 jungendae
631 3501 710 3554 sunt
733 3492 980 3554 declarationes
1007 3514 1019 3555 1
1038 3493 1117 3554 maii
1137 3498 1226 3572 1851,

138 3589 156 3652 5
172 3589 252 3634 nov.
276 3577 362 3652 1852,
382 3595 420 3652 29
437 3574 514 3637 maii
534 3581 623 3655 1853,
638 3594 676 3655 25
692 3574 758 3636 leb.
776 3580 865 3654 1863.

180 3654 339 3736 Quolibet
354 3674 456 3734 ann0‚
484 3670 515 3721 1⁰
530 3658 583 3720 die
594 3658 678 3738 jan..
696 3657 776 3720 illud
794 3658 968 3720 decretum
980 3657 1033 3720 est
1048 3656 1227 3737 legendum

138 3735 173 3798 in
188 3737 323 3819 publica
346 3757 476 3816 mensa,
501 3740 563 3802 sub
580 3759 689 3821 poena
706 3741 909 3821 privationis
926 3740 1041 3817 officii,
1064 3741 1227 3820 vocisque

137 3818 272 3882 activae
287 3827 321 3882 et
337 3822 493 3901 passivae
508 3841 529 3884 a
545 3822 784 3904 Superioribus
798 3825 871 3904 ipso
884 3822 974 3884 facto
988 3822 1224 3886 incurrendae.

182 3902 269 3966 167.
302 3923 329 3964 1.
363 3902 633 3967 constitutiones
660 3904 747 3967 Sixti
774 3921 797 3966 v
823 3911 856 3966 et
879 3904 1064 3967 Clementis
1079 3922 1141 3967 vr11
1158 3925 1226 3968 non

138 3991 217 4043 sunt
230 3983 378 4047 abolitae
391 3987 529 4048 decreto
545 3988 595 4051 Pii
612 4003 657 4064 1x,
676 4007 764 4066 cum,
783 3994 914 4066 contra,
932 4007 1022 4049 nova
1047 3988 1225 4070 disciplina
1276 3993 1352 4054 juris.

137 4073 350 4146 proponatur
375 4076 413 4129 ut
444 4070 590 4132 medium
619 4070 753 4133 facilius
783 4071 982 4151 assequendi
1012 4071 1113 4133 finem
1138 4071 1227 4152 juris

136 4148 334 4228 superioris.
366 4151 493 4233 Quare,
525 4152 614 4233 quod
645 4155 812 4216 naturalis
850 4153 1033 4238 prudentia
1069 4154 1227 4217 omnibus

150 4300 473 4314 ——-—-——·—-

159 4379 173 4447 ¹¹
187 4379 244 4429 crr.
258 4381 359 4438 Sentis,
372 4383 497 4432 Clementis
508 4385 553 4444 Pp.
566 4397 615 4432 vnr
627 4384 771 4440 Danaus,
782 4387 834 4433 etc.
846 4398 874 4445 p.
889 4392 941 4435 103.

164 4439 176 4474 ²
186 4439 249 4487 Hae
259 4441 400 4498 postulant
411 4442 576 4490 sententiam
587 4441 809 4490 declaratoriam.

1293 2861 1447 2909 Novaesanr·

1286 2921 1412 2969 tionesPi'i
1418 2933 1445 2970 1x
1518 2985 1521 2994 1

1301 3935 1445 4003 Vispriuris
