3148 5004
176 508 356 590 [192-194]
438 471 441 483 1
461 529 498 564 na
512 528 648 571 Juururcrs
662 527 841 562 novrrionuu
858 527 1027 564 nacionibus
1186 556 1188 562 ,
1207 505 1266 568 ll'l

218 681 247 741 5.
274 661 431 746 Exempti
458 667 538 724 sunt
561 660 731 724 Ordinarii
750 660 998 742 jurisdictione,
1023 659 1052 723 si
1076 661 1267 745 pertineant
1319 689 1461 753 ΕΜ...

173 747 217 810 ad
233 751 425 828 exemptum
443 743 616 807 Ordinem.

216 844 248 903 6.
264 839 391 902 Novitii
406 837 541 901 Ordinis
558 838 734 919 regularis,
753 842 791 898 ut
807 836 989 900 verisimile
1006 841 1057 899 est
1074 836 1097 914 ¹,
1114 835 1264 900 ordinari

1321 857 1452 908 Ordinatio
1461 870 1470 912 ,·

173 922 376 1007 possunt-ab
390 923 561 1004 Episcopo
576 921 642 994 loci
665 920 722 982 ubi
738 919 937 1003 probantur.
964 917 1134 982 Observes
1150 926 1264 984 tamen
1365 965 1367 970 »

174 1007 218 1070 ad
234 1004 442 1086 recipiendos
457 1003 592 1080 ordines
604 1021 721 1065 sacros
737 1021 822 1085 opus
835 1021 910 1064 esse
924 1000 1100 1070 titulomec
1114 1021 1264 1082 commu·

174 1088 283 1150 nicari
305 1107 381 1150 cum
397 1085 536 1148 novitiis
550 1085 688 1147 titulum
701 1085 909 1168 paupertatis
926 1087 981 1146 vel
1002 1085 1029 1148 si
1045 1083 1263 1165 quemalium

175 1168 361 1232 obtinuerit
374 1169 552 1250 religiosus
565 1167 656 1230 Ordo
671 1186 733 1250 pro
745 1167 815 1230 suis
828 1165 1020 1248 Religiosis.
1038 1167 1108 1234 Clr.
1123 1167 1264 1230 Decret.

174 1251 283 1314 Auctis
297 1249 477 1314 admodum.
521 1323 523 1330 ¹
711 1256 715 1268 “

217 1367 246 1428 7.
258 1349 346 1408 Ante
360 1345 644 1408 Constitutionem
655 1329 706 1408 Pii
719 1344 778 1423 IX,
792 1342 986 1426 Apostolicaa
998 1342 1097 1426 Sedis,
1106 1349 1266 1426 poterant

176 1449 252 1492 cum
269 1427 388 1491 novitii
412 1434 484 1491 tum
506 1429 528 1492 ii
552 1428 608 1509 qui
632 1447 710 1490 mox
732 1426 861 1508 ingredi
877 1426 1039 1489 volebant
1054 1425 1264 1508 Religionem

1328 1360 1451 1410 Absolutto
1460 1371 1476 1409 a

1321 1421 1457 1467 reservatis.

174 1531 289 1595 presse
313 1510 450 1588 dictam,
475 1511 605 1574 absolvi
627 1528 688 1594 per
710 1509 886 1572 Praelatos
909 1507 1081 1590 religionis
1103 1513 1157 1573 vel
1179 1509 1264 1573 alios
1345 1511 1348 1518 “

175 1595 217 1657 ab
241 1593 321 1678 ipsis
345 1593 524 1676 deputatos
548 1593 591 1655 ab
613 1591 769 1656 omnibus
792 1592 944 1654 censuris
969 1600 1002 1654 et
1024 1591 1140 1674 poenis
1157 1595 1263 1656 eccle·

176 1677 322 1739 siasticis
337 1683 406 1739 tam
423 1695 443 1736 a
450 1676 528 1757 jure
545 1695 645 1757 quam
661 1675 704 1736 ab
720 1674 856 1738 homine
869 1675 946 1737 latis
959 1676 1014 1737 vel
1029 1676 1262 1758 promulgatis

175 1759 337 1841 Ingressa
361 1778 438 1821 cum
460 1757 572 1821 animo
595 1757 832 1840 perseverandi
855 1777 923 1820 non
942 1767 1072 1834 secuto,
1099 1776 1264 1821 censurae

176 1846 210 1904 et
225 1860 353 1924 poenae
376 1841 638 1904 reviviscebant.
656 1841 746 1904 Usus
768 1858 871 1921 porro
894 1841 970 1902 talis
987 1839 1159 1903 facultatis
1176 1841 1265 1921 quod

175 1925 218 1986 ad
234 1943 292 1986 eos
310 1921 364 2003 qui
388 1923 536 1992 nondum
551 1929 649 1985 erant
673 1922 815 2004 ingressi
838 1923 1033 2004 postulabat
1048 1921 1264 2004 approbatio·

175 2026 252 2068 nem
275 2007 501 2088 episcopalem
523 2006 566 2068 ad
581 2005 766 2069 audiendas
789 2004 1031 2068 confessiones.
1054 2005 1182 2068 Verum
1205 2023 1266 2087 per

176 2089 215 2153 C.
238 2088 288 2152 Pii
304 2089 363 2165 IX,
382 2086 573 2170 apostolicae
595 2087 695 2166 Sedis,
714 2092 860 2170 practica
883 2086 1058 2180 privilegia
1082 2087 1115 2150 in
1136 2087 1201 2148 hac
1228 2105 1266 2150 re

176 2171 311 2234 sublata
327 2177 406 2233 sunt
419 2171 507 2252 quod
523 2171 564 2234 ad
581 2190 743 2234 censuras
758 2091 840 2232 latae
850 2175 1016 2231 sententiae
1029 2189 1099 2251 yure
1110 2167 1266 2232 communi
1344 2217 1347 2222 ,
1457 2213 1459 2218 -

174 2259 343 2316 reservatas
358 2252 487 2316 Sammo
502 2253 661 2322 Pontifici.

221 2349 307 2412 194.
331 2349 436 2428 Quod
463 2350 508 2410 ad
535 2366 651 2419 onera
666 2356 786 2408 status
813 2348 981 2425 religiosi.
1009 2366 1037 2409 1.
1065 2345 1264 2408 Subduntur

173 2429 399 2522 jurisdictioni
429 2431 525 2511 quasi
555 2429 735 2511 episcopali
769 2430 1000 2512 praelatorum
1030 2428 1263 2510 religiosorum

17 2539 18 2544 ¹
75 2593 77 2598 Ι
178 2530 233 2593 qui
252 2509 319 2574 sint
331 2512 488 2594 exempti.

217 2605 313 2698 Quod
335 2607 363 2670 si
387 2626 453 2669 non
471 2606 539 2669 sint
562 2607 722 2690 exempti,
742 2626 796 2669 res
819 2607 1029 2671 aestimanda
1053 2607 1117 2671 erit
1131 2627 1173 2670 ex
1194 2613 1264 2670 sta·

177 2693 256 2750 tutis
272 2689 424 2771 probatis
447 2709 468 2750 a
483 2689 517 2752 S.
538 2690 624 2754 Sede
640 2693 693 2753 vel
715 2691 875 2784 Episcopi
897 2691 1131 2756 concessione.
1144 2690 1263 2753 Plures

176 2772 383 2834 contendunt
405 2791 446 2834 ex
468 2773 711 2836 consuetudine
736 2775 854 2840 haberi
870 2780 908 2836 ut
934 2775 1106 2856 praelatus
1123 2773 1264 2835 eandem

176 2853 300 2916 babeat
316 2861 522 2937 potestatem
540 2856 573 2918 in
590 2856 737 2919 novitios
751 2876 852 2938 quam
870 2857 903 2918 in
919 2857 1104 2938 professos.

216 2970 248 3014 2.
265 2949 381 3032 Quare
397 2948 571 3032 praelatus
584 2953 750 3033 regularis
765 2958 939 3035 exemptus
955 2973 963 3015 ε

218 3045 251 3122 a)
266 3045 383 3107 Potest
400 3046 536 3109 novitiis
552 3047 747 3130 praecipere
764 3066 848 3128 quae
865 3047 1055 3131 Episcopus
1071 3043 1266 3130 praecipere

176 3132 292 3208 potest
303 3127 433 3189 subditis
446 3147 458 3197 ,·
907 3154 908 3157 ¹

217 3221 252 3314 b)
267 3222 389 3285 Poenis
411 3223 645 3307 corporalibus
668 3230 702 3286 et
725 3225 827 3305 (quod
850 3224 1002 3287 nonnulli
1026 3226 1164 3305 negant)
1188 3243 1266 3286 cen·

175 3323 264 3367 suris
281 3316 440 3374 coercere
455 3327 464 3379 ;

216 3401 247 3477 c)
260 3400 452 3464 Reservare
468 3420 567 3463 casus
586 3406 742 3482 respectu
759 3399 979 3463 novitiorum.

215 3494 287 3557 Nisi
303 3501 417 3556 tamen
433 3494 466 3556 id
477 3494 602 3556 diserte
618 3495 761 3572 dicatur,
779 3513 879 3557 casus
896 3495 1062 3556 reservati
1078 3493 1262 3575 Religionis

174 3595 243 3638 non
254 3575 493 3639 existimantur
506 3576 674 3639 reservati
688 3576 778 3658 quod
793 3577 836 3639 ad
852 3576 1013 3640 novitios
1044 3579 1045 3582 ’

216 3671 249 3749 d)
279 3670 436 3754 Quandiu
467 3671 614 3733 novitius
642 3674 714 3735 vult
743 3671 775 3738 in
804 3671 964 3753 religione
996 3690 1206 3752 permanere,
1245 3692 1265 3734 a

175 3753 334 3816 Praelata
357 3754 505 3834 regulari
529 3754 722 3816 immediate
744 3752 971 3837 proficiscitur
987 3753 1178 3835 jurisdictio
1203 3754 1266 3816 lori

175 3833 297 3897 interni
313 3835 400 3917 quod
416 3837 459 3898 ad
482 3836 604 3918 ipsum.
625 3837 743 3982 ἓιιατε
771 3835 921 3898 absolutio
944 3838 1023 3899 data
1041 3857 1061 3898 a
1088 3835 1266 3899 sacerdote

175 3935 274 3998 quem
286 3937 375 3980 unus
388 3918 609 3999 approbasset
657 3919 813 4003 piscopus
826 3938 892 3981 non
906 3918 1042 3981 videtur
1053 3918 1125 3982 fore
1141 3918 1264 3981 valida.

174 3999 226 4062 Ita
241 4001 452 4064 communior
467 4003 635 4064 sententia
647 4021 681 4064 u.
698 4020 750 4082 gr.
769 4001 908 4079 Suara,
926 4003 975 4064 Da
986 4000 1157 4084 Religioae,
1178 4006 1264 4078 tr.8,

174 4081 197 4144 l.
224 4103 254 4159 2,
282 4102 312 4146 c.
343 4104 392 4162 17,
419 4102 453 4146 n.
485 4105 522 4165 14
547 4102 598 4164 sq.
623 4085 814 4164 Laymann,
838 4085 862 4147 l.
879 4107 910 4166 4,
940 4093 984 4146 tr.
1004 4103 1034 4164 5,
1059 4104 1089 4147 c.
1116 4107 1147 4166 4,
1172 4103 1262 4165 n.4;

174 4163 380 4242 Lehmkubl,
403 4163 632 4243 queolsmor.
660 4181 697 4244 11,
722 4186 793 4246 397,
825 4173 945 4228 contra
974 4165 1166 4249 opinionem
1197 4184 1265 4227 non

174 4245 429 4329 improbabilem
440 4246 619 4327 Pellizarii,
637 4254 682 4312 tr.
699 4269 729 4327 2,
748 4269 778 4310 c.
796 4268 826 4329 7,
846 4268 879 4310 n.
895 4261 934 4329 45
951 4255 985 4310 et
1003 4267 1202 4332 paucorum.

202 4491 515 4554 terr.Supp1ementum
526 4496 560 4544 V.
574 4494 651 4544 Idem
664 4498 737 4543 tenet
749 4495 783 4543 R.
797 4494 829 4543 P.
843 4493 915 4552 Fiat,
931 4494 954 4551 1,
964 4505 992 4553 p.
1008 4491 1058 4544 120'.

1333 2369 1412 2417 Onera
1437 2381 1472 2415 uat

1315 2426 1378 2488 serre
1416 2381 1474 2474 deta

1318 2486 1444 2536 Navitas.

1334 2622 1481 2692 Jurisdiclt'o

1318 2695 1451 2730 necessarta

1319 2741 1441 2789 Praelati.

1319 2974 1420 3045 Exempl
1438 3010 1445 3026 .
