3148 5004
152 501 329 582 [326-388]
601 521 702 556 suumn
718 519 817 556 nanum
1165 479 1237 562 XlX

1153 628 1238 681 Pagina

311 711 327 791 ξ
351 731 381 788 3.
407 707 455 768 De
471 706 602 768 istorum
611 704 845 790 privilegiorum
859 705 1048 769 revocatione
1090 754 1097 770 .
1145 754 1153 770 .
1179 729 1234 772 211

176 825 329 877 Revocatio
344 825 520 872 oraculorum
531 824 611 872 vivae
623 823 705 880 vocis,
724 830 775 882 359.
795 851 824 858 -
842 822 994 872 Revocatio
1006 823 1151 884 Indulgen-

147 899 258 953 tiarum,
272 904 323 944 366.
335 923 364 930 -
375 895 527 943 Revocatio
538 893 708 952 Tridentino,
722 903 772 943 361.

234 992 352 1056 Caput
378 993 422 1055 ΙΙ.
456 994 497 1057 tte
522 989 678 1074 privilegio
710 990 910 1074 exemptionis
942 990 972 1056 et
1006 990 1156 1073 potestate

618 1086 755 1169 Episcopi

272 1203 430 1266 Artierrlus
444 1205 471 1266 J.
488 1203 720 1287 Exemptionis
737 1205 836 1283 ratio,
854 1204 998 1284 genesis,
1014 1204 1153 1267 utilitas
1178 1208 1237 1268 213

180 1321 364 1380 Exemptionis
380 1321 456 1369 notio
472 1327 500 1380 et
517 1321 678 1379 divisiones,
691 1329 742 1372 362.
755 1349 785 1356 -
795 1306 984 1382 Exemptionis
995 1322 1052 1370 iata
1071 1320 1152 1371 histo·

149 1389 216 1449 rica,
229 1399 278 1440 363.
290 1419 318 1427 -
329 1391 518 1452 Exemptionis
529 1391 646 1449 utilitas,
659 1399 710 1450 364.

268 1489 428 1553 Artiouius
443 1492 487 1553 II.
505 1493 673 1554 Praesens
689 1490 909 1573 exemptionis
926 1488 1101 1572 disciplina
1139 1534 1147 1552 .
1173 1509 1233 1570 217

175 1609 310 1659 Ordinum
321 1609 443 1658 virorum
455 1607 591 1668 exemptio
602 1607 747 1669 generalis,
762 1611 809 1668 365„
828 1635 857 1643 -
868 1606 1034 1656 Monialium
1045 1620 1150 1668 exemp·

146 1678 195 1736 tio,
208 1686 259 1727 366.
271 1705 299 1714 -
310 1678 454 1739 Exemptio
466 1678 655 1727 institutorum
666 1684 793 1738 votorum
805 1677 983 1740 simplicium,
997 1685 1050 1734 367.

271 1774 428 1837 Artiorrlus
440 1777 499 1839 HJ.
514 1776 566 1837 De
579 1781 747 1858 potestate
758 1775 917 1862 Episcopi
931 1775 963 1837 in
977 1773 1151 1854 religiosos

561 1876 735 1953 exemptos
750 1872 804 1933 vel
820 1890 887 1932 non
904 1875 1095 1952 exemptos.
1142 1917 1149 1932 .
1176 1891 1234 1948 219

173 1986 258 2036 Istius
267 1986 410 2048 potestatis
419 1992 520 2036 natura
530 1992 556 2034 et
567 1986 717 2046 objectum,
731 1995 782 2036 368.

310 2084 327 2166 ἓ
355 2107 382 2148 1.
405 2084 455 2145 De
476 2083 679 2168 religionibus
700 2083 837 2148 virorum
871 2129 1155 2147 ......
1179 2103 1236 2146 aar

174 2186 363 2260 Fontes-juris
376 2208 427 2259 369.
440 2228 467 2237 -
478 2203 565 2250 Casus
579 2201 635 2260 jain
648 2201 798 2258 memorati,
813 2209 863 2259 370.
876 2229 905 2236 —
916 2200 1065 2250 Librorum
1077 2213 1151 2248 reco-

145 2271 232 2334 gnitio
241 2271 370 2319 iacienda
378 2270 414 2318 ab
422 2271 560 2332 Episcopo
568 2280 595 2320 et
606 2273 734 2322 Praelato
742 2273 872 2334 regulari.
884 2274 1009 2321 Potestas
1018 2270 1148 2331 Episcopi

148 2340 224 2400 quod
240 2340 276 2387 ad
284 2338 497 2399 prohibitionem
515 2341 655 2399 librorum,
669 2352 719 2400 371;
741 2370 769 2377 —
788 2342 1044 2405 Quaestuationem‚
1059 2349 1110 2398 372.
1122 2367 1152 2375 —

147 2407 371 2459 Celebrationem
379 2407 517 2468 festorum,
528 2419 578 2469 373:
588 2440 617 2448 -
626 2413 827 2470 Processiones‚
839 2422 889 2471 374:
900 2440 929 2449 -
938 2411 1085 2467 Ecclesiam,
1099 2417 1148 2468 375:

146 2507 177 2515 -
188 2477 298 2536 Missas,
312 2486 362 2536 376;
375 2507 403 2515 -
415 2480 629 2540 ordinationem,
642 2493 693 2541 377:
714 2511 742 2519 -
753 2484 859 2532 Taxam
877 2482 1028 2541 seminarii,
1049 2491 1099 2540 378;
1123 2509 1151 2518 -

148 2550 258 2599 Delicta
269 2556 295 2598 et
310 2563 422 2610 poenas,
442 2559 491 2610 379.
511 2581 539 2589 -
558 2555 599 2601 De
615 2554 738 2603 censuris
756 2553 793 2604 ab
815 2555 952 2614 Episcopo
972 2554 1043 2611 latis,
1056 2562 1107 2602 380.
1120 2582 1148 2590 -

149 2621 296 2699 Exsecutio
318 2621 427 2681 piarum
445 2623 625 2676 voluntatum,
647 2632 698 2672 381.
725 2652 754 2660 --
774 2626 817 2673 De
839 2624 1032 2685 jurisdictione
1056 2627 1150 2673 volun-

151 2697 230 2748 tarla,
246 2699 297 2740 382.

313 2776 382 2858 §a
406 2777 455 2838 De
476 2777 666 2840 Moniolibns
701 2788 764 2842 .-'.
811 2824 819 2842 .
867 2826 875 2841 .
916 2788 918 2792 ’
921 2825 1149 2844 .....
1175 2787 1234 2844 228

178 2895 244 2959 Jura
255 2893 397 2955 Episcopi,
411 2901 462 2942 383.

311 2992 381 3074 §3.
404 2992 454 3082 De
476 2993 773 3075 Congregoiiorribus
794 2995 932 3058 virorum
977 3040 985 3057 .
1032 3042 1039 3058 .
1087 3042 1094 3058 .
1142 3001 1236 3058 ,228

179 3107 245 3171 Jura
255 3106 393 3168 Episcopi,
407 3115 459 3166 384.

313 3204 381 3286 §p
405 3205 454 3266 De
476 3205 775 3288 Congregotionibus
798 3209 989 3272 merlierrrrn.
1036 3257 1044 3271 .
1092 3257 1099 3273 .
1147 3230 1238 3288 .229

181 3323 248 3388 Jura
258 3320 398 3382 Episcopi,
413 3329 463 3372 385.

311 3420 328 3502 ξ
350 3439 381 3500 5.
404 3419 454 3481 De
476 3420 629 3483 Institutio
653 3422 837 3486 dioecesanis
871 3469 1155 3487 ......
1180 3444 1240 3502 230

178 3538 285 3596 Duplex
304 3537 375 3585 ratio
399 3552 455 3598 qua
477 3537 560 3586 etiam
582 3538 610 3586 in
633 3539 768 3587 Institutis
793 3540 875 3589 unius
902 3538 1034 3587 dioecesis
1059 3537 1154 3587 finitur

150 3606 278 3668 Episcopi
299 3606 454 3665 arbitrium,
476 3617 528 3657 386.
550 3637 579 3644 -
598 3611 640 3658 De
660 3610 791 3658 institutis
811 3608 1016 3671 episcopalibus
1037 3623 1108 3670 quae
1125 3608 1153 3657 in

150 3677 274 3739 pluribus
285 3685 430 3728 versantur
439 3678 622 3737 dioecesibus,
637 3689 687 3737 387.

508 3821 658 3903 PARS
685 3822 881 3905 SEXTA

291 3978 345 4042 nn
368 3979 570 4044 nnoiurun
596 3979 899 4046 naiiorosonuu
924 3977 1098 4044 reontio

396 4157 563 4220 Cnnurl.
589 4159 630 4222 ite
653 4157 801 4222 exteriore
826 4155 994 4222 hierarchia

272 4275 432 4340 Artiorrlus
454 4279 481 4340 I.
507 4279 557 4340 De
582 4277 721 4341 Summo
744 4276 907 4340 Pontifice
925 4320 1156 4342 .....
1177 4235 1240 4354 232

180 4393 243 4456 Quo
260 4392 341 4442 titulo
360 4395 387 4444 S.
406 4394 532 4443 Pontifex
552 4393 667 4454 imperet
684 4392 818 4454 religiosis
824 4407 831 4451 ;
849 4398 948 4443 natura
966 4394 993 4439 ot
1008 4389 1050 4439 vis
1062 4388 1143 4451 huius

150 4461 301 4521 potestatis,
314 4471 365 4512 388.
