3148 5004
144 460 279 540 [2624]
315 480 351 514 na
367 479 470 514 sparus
486 479 623 514 nuerorosr
638 478 771 522 nortona,
789 479 926 514 rnnrruus
944 479 979 514 666
997 479 1072 514 66666
1192 460 1230 521 15

140 615 278 678 tionem.
294 615 402 694 Magis
415 613 491 675 dein
507 632 568 694 per
583 633 619 674 se
635 613 741 692 diligit
758 613 813 692 qui
829 613 900 694 agit
915 633 957 675 ex
971 613 1127 675 voluntat
1114 615 1227 678 teDei

140 699 240 760 etiam
256 716 323 758 non
339 703 533 790 praecepta.
547 695 712 775 Denique,
730 715 769 756 eo
786 695 910 757 diserte
926 704 1041 776 specta
1045 697 1228 776 treligiosa

139 779 330 843 obedient'tra
343 786 380 841 ut
395 779 535 839 alterius
548 780 673 856 magist
676 777 745 839 erio
759 778 911 840 securius
929 778 970 840 ad
987 779 1114 860 perfect
1118 799 1229 842 ionem

138 863 338 953 contendas,
356 860 426 923 Clr.
444 861 480 922 S.
496 859 619 922 Thom.
637 881 667 924 2.
685 882 715 924 2.
740 879 771 940 q.
793 865 861 938 186,
878 867 978 940 art.5
963 879 992 940 5,
1018 881 1060 939 6.,
1088 861 1138 922 De
1158 867 1229 943 per·
1281 885 1284 890 ·

134 945 271 1026 sectione
281 965 312 1005 66
314 949 362 1004 6666
377 942 423 1022 sp
413 963 450 1004 6
467 963 495 1004 6.
510 947 540 1005 6.

140 1137 338 1186 6666666666.
360 1119 445 1184 laria
463 1119 665 1185 consideratio
681 1120 711 1185 66
726 1119 890 1202 annotatio
912 1119 1012 1186 status
1036 1122 1230 1203 perfeetionis

184 1285 247 1347 21.
272 1281 388 1344 Status
402 1281 456 1361 qui
473 1302 517 1364 666
528 1281 594 1361 fine
620 1286 764 1342 vocatur
792 1287 891 1344 status
910 1282 1106 1364 perfectionis
1133 1271 1230 1346 offert

142 1367 305 1428 excellent
293 1373 359 1426 tem
388 1364 531 1428 formam
565 1364 675 1426 cultus
692 1365 806 1426 divini.
828 1365 974 1447 Suscipit
977 1387 1017 1427 ur
1033 1366 1120 1428 enirn
1139 1366 1228 1439 66666,

142 1467 227 1541 quae
250 1447 401 1509 referunt
388 1455 445 1508 666
470 1447 513 1507 ad
539 1447 630 1507 virtu
634 1454 700 1507 tem
727 1447 918 1527 religionis;
948 1449 1079 1510 sodales
1095 1449 1230 1510 assidue

140 1530 276 1592 distinet
292 1531 424 1591 6666666666
427 1528 762 1590 horridusservitiiet
750 1529 895 1593 tlaudis
919 1531 1004 1607 Dei3
1032 1541 1133 1610 atque
1161 1532 1231 1612 ipse

142 1615 276 1675 demum
277 1612 374 1756 tfinis
387 1631 498 1673 nonne
513 1623 565 1672 est
581 1618 656 1672 arta
669 1631 745 1673 cum
769 1613 841 1674 Deo
869 1615 1081 1688 coniunctio
1075 1614 1087 1661 i
1116 1613 1230 1695 Quare

137 1698 208 1777 jam
232 1695 416 1774 antiquitus
442 1695 676 1776 appellabatur
694 1693 858 1774 perfector
870 1695 1032 1778 Rergzo
1055 1717 1154 1777 quam
1175 1697 1231 1778 qui

142 1780 258 1840 colunt
273 1797 334 1838 sun
339 1775 515 1859 6666626666.

183 1861 323 1939 Singula
349 1860 426 1921 dein
453 1860 552 1940 hujus
583 1865 635 1920 rat
639 1858 723 1921 ionis
753 1879 890 1939 genera,
918 1880 1004 1939 quae
1030 1862 1138 1925 sancti
1130 1863 1230 1926 rviri

140 1942 311 2023 discipulis
338 1941 408 2004 suis
436 1943 607 2034 imponere
630 1950 825 2035 coeperunt,
844 1963 959 2022 presse
985 1953 1128 2006 vocatae
1151 1954 1230 2019 sunt

140 2025 328 2108 Relr'gt'ones
347 2025 477 2104 Religio
494 2045 581 2086 emm
606 2026 742 2105 proprie
768 2024 922 2106 designat
948 2027 1091 2089 formam
1118 2031 1187 2089 cult
1174 2035 1229 2088 tus

140 2111 284 2189 plurium
303 2127 514 2168 communem
532 2113 564 2168 et
580 2109 836 2188 praescriptam.

182 2193 246 2256 22.
276 2189 420 2270 Constat
447 2196 558 2250 status
585 2191 639 2251 ille
664 2190 890 2252 oblationibus
918 2210 1002 2269 quae
1031 2191 1102 2252 Deo
1131 2191 1227 2253 liunt.

140 2274 255 2364 Quare
282 2281 332 2333 est
363 2271 572 2364 sacrificium
603 2271 680 2351 quin
713 2273 826 2348 imm0,
855 2292 943 2350 cum,
976 2272 1097 2334 oblatis
1129 2274 1229 2334 rebus

141 2354 378 2428 exterioribus,
397 2355 531 2434 proprio
548 2374 689 2436 corpore
706 2364 738 2416 e
726 2322 910 2417 6666666626
900 2364 943 2431 6,6
959 2355 1060 2417 homo
1073 2356 1229 2418 videatur

142 2457 178 2496 se
206 2444 256 2497 tot
260 2456 316 2498 um
344 2402 401 2496 obt
389 2437 548 2514 tulisse,
537 2457 614 2518 Jure
641 2457 680 2499 ac
704 2439 824 2499 merito
790 2437 933 2499 tdicit
921 2446 976 2499 tur
1002 2436 1160 2499 holocaust
1150 2444 1224 2501 i.um

143 2519 179 2581 S.
197 2518 320 2581 T.hom
338 2541 368 2581 2.
384 2540 414 2581 2
428 2538 460 2598 q
483 2525 549 2596 186,
567 2530 632 2582 art.
651 2519 966 2600 73etDepers.ut'i.
985 2521 1060 2614 spir.
1076 2541 1106 2584 c.
1124 2543 1171 2584 11.

183 2603 246 2666 23.
274 2601 312 2662 In
342 2601 538 2663 sacrificio
532 2609 618 2664 inest
652 2611 719 2663 vrr
723 2623 761 2662 us
791 2602 954 2664 satrslac
932 2614 1044 2679 ionis
1085 2624 1171 2698 quae
1196 2605 1229 2666 in

141 2684 320 2745 holocaust
308 2690 341 2745 to
358 2684 521 2775 conspicit
524 2705 564 2744 ur
586 2686 729 2746 maxime
750 2686 917 2748 absoluta.
942 2688 1055 2768 Quare
1079 2689 1230 2749 6666666666

141 2767 227 2828 idem
243 2778 354 2828 status
363 2765 492 2846 perfec
481 2787 579 2828 66666666
587 2767 691 2847 puer
656 2789 728 2828 66
719 2767 814 2828 66666
811 2768 856 2829 S.
873 2767 997 2830 Thom.
1015 2791 1046 2831 2.
1061 2791 1090 2831 2.
1110 2788 1141 2849 q.
1159 2776 1227 2850 189,

141 2855 206 2910 art.
238 2849 321 2929 3ad
346 2871 376 2928 3,
401 2849 458 2910 ubi
484 2849 581 2910 affert
568 2857 626 2911 tc.
645 2849 847 2928 Admonere,
865 2855 895 2913 8.
915 2851 952 2913 C.
967 2868 1073 2913 xxxin
1078 2871 1136 2932 ,.q
1156 2875 1186 2915 2.

306 3059 500 3107 narremus
522 3061 558 3106 u.
583 3047 623 3110 lie
646 3046 782 3126 partibus
806 3047 906 3111 slatus
929 3047 1063 3128 reliqiosi

204 3215 207 3220 ’
247 3215 274 3276 Ι.
300 3216 352 3274 De
375 3215 432 3274 his
456 3232 545 3291 quae
569 3218 727 3291 postulat
751 3217 909 3291 perfecta
933 3217 1009 3292 ejus
1032 3219 1121 3277 ratio
1221 3229 1222 3234 ’

182 3385 246 3447 24.
264 3382 310 3446 Ut
332 3389 442 3443 status
459 3382 513 3443 ille
523 3381 611 3462 plene
627 3382 804 3459 habeatur,
823 3383 919 3460 haec,
939 3401 980 3442 ex
996 3383 1106 3460 dictis,
1124 3403 1229 3463 appa-

143 3472 219 3527 rent
235 3465 359 3543 requiri
375 3486 382 3526 :

187 3570 214 3609 .
187 3546 439 3609 Voluntaria
462 3555 653 3640 paupertas,
682 3545 831 3626 perlecta
861 3545 1012 3618 castitas
1038 3565 1163 3625 eaeque
1187 3553 1226 3607 ‘ut

143 3635 220 3710 part
222 3649 284 3689 ess
288 3630 418 3711 tudiip
408 3627 518 3691 66666
497 3630 596 3690 tronis
610 3630 642 3691 in
659 3649 724 3708 quo
741 3631 815 3709 quis
832 3629 947 3690 humili
961 3628 1073 3690 anino
1087 3634 1226 3709 paratus

144 3720 195 3774 est
217 3712 481 3854 obtemperare
474 3713 513 3772 ris
530 3712 585 3792 qui
601 3711 634 3772 in
650 3713 714 3773 hoc
731 3711 871 3772 ordine
864 3713 926 3792 ipsi
942 3712 1031 3792 legit
1009 3719 1088 3774 666666
1104 3711 1228 3792 praefi‘·

143 3795 234 3856 ciant
237 3814 288 3856 ur.
302 3793 444 3856 Paucis:
466 3793 539 3855 Τ666
556 3792 683 3855 consiliu
698 3792 884 3874 evangelica.

184 3900 215 3940 2.
241 3878 370 3938 Eorum
395 3881 444 3937 sat
446 3877 471 3936 66
492 3880 596 3956 apertu
607 3875 779 3969 professio,
797 3896 882 3956 quae
905 3876 938 3937 in
962 3876 1035 3936 foro
1059 3877 1225 3940 exteriore

143 3959 279 4041 probari
291 3959 397 4039 possit
402 4005 409 4020 .
385 3958 503 4020 6866666
508 3979 545 4020 us
562 3959 649 4020 enim
677 3957 830 4038 designat
857 3967 1032 4021 externam
1051 3959 1224 4023 hominum

144 4041 388 4103 condicionem.
990 4055 992 4059 ·

172 4259 254 4305 lHoc
273 4258 354 4305 modo
372 4257 490 4305 ihomas
508 4255 668 4311 Waldensis‚
689 4256 830 4302 Doctrinale
843 4254 934 4314 fideii.
957 4273 977 4309 6,
995 4257 1012 4303 l.
1027 4264 1048 4310 3,
1067 4270 1091 4304 c.
1107 4264 1141 4306 66
1163 4270 1190 4302 n
1205 4276 1229 4312 4,

143 4326 248 4372 praeter
259 4317 364 4363 cultum
375 4330 456 4380 quem
475 4328 545 4362 unus
560 4315 650 4361 Homo
670 4315 742 4360 Deus
752 4328 876 4360 exercere
892 4320 997 4372 poterat
1008 4329 1055 4360 seu
1067 4313 1142 4360 reli(r
1119 4327 1227 4374 gronam

144 4372 243 4420 Christi
265 4373 476 4432 hypostaticam
498 4372 598 4432 disting
584 4372 640 4420 rruit
660 4371 819 4431 religionem
839 4371 995 4430 episcopalem,
1024 4349 1226 4427 monasterialem,

144 4431 308 4478 sacerdotalem
320 4439 370 4478 66
356 4431 406 4489 agui
397 4445 485 4477 6666666.

1285 1285 1384 1332 Dicitur
1397 1289 1444 1332 sia·

1284 1348 1321 1388 ius
1347 1343 1405 1400 reli,
1393 1357 1442 1389 66-

1285 1404 1331 1452 nis,
1348 1380 1441 1459 religio.

1286 1870 1349 1931 Quid
1360 1869 1442 1924 raugia

1286 1943 1312 1976 666
1327 1933 1440 1986 concreto,

1284 2201 1443 2250 ldemdt'ciiur

1289 2260 1408 2306 1666666666-

1286 2323 1342 2374 tum,

1314 2625 1421 2686 Perfecta

1280 2685 1437 2756 poenitentia.

1295 3391 1444 3437 Esseniiah'a

1284 3447 1445 3512 serruzdumscp.
