3134 5016
475 425 561 462 quux
577 426 675 462 RERUM
690 425 901 464 ALPHABETICUS

99 591 134 599 -
149 563 276 621 minores,
296 565 423 628 majores,
448 579 470 614 v.
491 565 629 617 Ordinatio,

134 643 263 699 Dimissio,
279 643 405 706 Expuisio,
419 641 484 694 Ordo
496 645 577 692 Sacer.

95 713 249 775 'ordinis
262 718 422 790 religiosi
435 727 508 776 notio
527 727 566 775 45.
580 727 629 782 sa

134 805 314 869 ApprobatiO,
333 805 375 855 65.
390 807 431 856 66.
445 807 491 863 67,
511 806 632 854 Exstinc-

134 882 181 937 tio,
196 882 236 932 95.
256 882 296 932 96.
316 883 493 948 -fundator
515 898 631 949 comme·

134 962 282 1010 morandus
305 962 333 1010 in
350 963 496 1029 suffragiis,
522 961 578 1012 317.
593 950 631 998 ‘-

134 1039 266 1106 obligatio
284 1042 414 1106 adversus
425 1041 627 1098 secularizatos,

30 1180 31 1183 Ἴ
135 1118 244 1182 329,,.8,
268 1122 413 1184 Apostatas
430 1126 457 1170 et
475 1119 627 1186 Fugitivos,

134 1197 215 1262 3422,
247 1198 454 1266 -privilegia,
484 1198 627 1264 exempti0,

134 1277 249 1335 340387,
264 1294 286 1326 v.
306 1281 334 1327 S.
348 1280 380 1327 R.
400 1294 427 1344 p.
447 1279 472 1332 5.
491 1307 526 1315 -
542 1277 641 1326 forma

133 1356 284 1421 regiminis,
298 1355 358 1414 400,
381 1357 544 1406 Hierarchia
561 1357 628 1405 inte·

132 1434 196 1492 rior,
212 1435 259 1484 401
275 1451 299 1486 e.
313 1439 342 1484 S.
355 1438 388 1485 R.
407 1452 435 1500 p.
457 1436 481 1492 6,
504 1452 528 1484 c.
549 1439 572 1486 2.
595 1465 628 1472 -

134 1511 222 1561 iorum
235 1513 378 1582 internum,
393 1530 459 1563 usus
477 1529 625 1570 sacrorum,

134 1591 253 1648 460-492,
266 1607 289 1644 v,
300 1593 374 1644 S,'R.
388 1607 415 1656 p.
430 1593 453 1641 7.
468 1619 500 1628 —
512 1593 628 1641 ministe-

133 1669 175 1717 ria
191 1685 278 1727 sacra,
301 1669 415 1725 403533,
436 1686 458 1718 u.
472 1673 492 1718 S
514 1673 546 1722 R.
560 1687 587 1734 p.
601 1671 626 1720 8.

103 1746 200 1804 Ordo
217 1759 369 1807 monasticus,
392 1755 434 1804 vis
454 1755 529 1803 vocis
552 1754 625 1810 olim,

134 1831 175 1888 45.
189 1832 230 1881 62.

99 1937 133 1946 -
161 1913 275 1973 Equitum
298 1912 468 1970 Melitensium,
493 1913 628 1960 Teutonico·

134 2004 193 2044 rum,
214 2005 241 2038 ν,
261 1991 368 2053 Equites,
393 2019 426 2027 -
445 1993 495 2040 SS.
518 1992 628 2039 Trinita-

134 2071 175 2124 tis,
194 2083 220 2118 v.
239 2069 393 2122 Mercedarii'.
411 2098 444 2106 -
456 2071 488 2118 Β.
502 2071 541 2119 M.
559 2070 588 2118 V.
603 2069 629 2116 de

132 2148 237 2196 Mercede
267 2147 387 2210 Redempt,
412 2151 574 2211 Captivorum,
600 2164 625 2196 v.

133 2226 287 2275 Merredarii.

103 2301 199 2359 Ordo
213 2325 285 2359 sacer.
301 2311 446 2359 Discessus
457 2310 578 2377 religiosi
599 2311 627 2360 in

134 2387 228 2445 sacris,
253 2389 310 2438 324.
336 2389 466 2452 Ejusdem
495 2389 626 2445 dimissio,

134 2465 196 2524 337,
218 2467 374 2532 Suspensio,
394 2467 451 2518 336.
472 2469 529 2520 337.
553 2469 626 2532 Quid

135 2547 157 2595 si
178 2547 332 2613 Episcopus
356 2549 441 2614 possit
464 2549 522 2598 sine
548 2550 626 2599 titulo

133 2625 269 2682 ordinare,
291 2625 349 2677 338.
372 2627 446 2692 Quid
465 2627 486 2676 si
500 2627 528 2677 in
541 2628 626 2677 sacris

133 2711 190 2754 erat
201 2711 263 2754 ante
276 2705 436 2770 ingressum,
452 2707 508 2755 339.

348 2831 378 2892 P

103 2957 385 3017 Paenitentiam
402 2966 560 3029 apostolica.
576 2969 625 3034 Jus

134 3046 162 3094 in
179 3045 338 3111 Regulares,
358 3043 416 3096 396.
434 3070 467 3078 -
479 3043 574 3093 tribuit
591 3045 627 3094 sa·

133 3124 265 3187 cultatem¹
274 3123 302 3172 in
318 3139 398 3172 casus
413 3133 564 3172 reservatos
580 3127 627 3173 Or-

133 3204 214 3269 dinis,
225 3203 306 3268 tto„
320 3203 347 3254 d.

104 3280 209 3353 Papa,
215 3294 246 3337 ut
257 3285 399 3337 Praelatus
411 3285 553 3352 regularis,
565 3287 622 3338 290.

104 3443 276 3523 Parentes
301 3452 375 3516 quod
398 3450 433 3499 ad
456 3449 626 3500 vocationem

117 3529 258 3590 'filiorum
273 3533 329 3583 132.
351 3536 389 3569 -’
403 3531 526 3597 impediti
538 3531 574 3580 ab
587 3532 625 3580 in-

111 3627 113 3632 ·
133 3625 228 3678 gressu
240 3614 269 3662 in
280 3613 448 3679 religionem,
461 3611 517 3662 148.
576 3651 578 3656 .

104 3689 276 3747 parochia
303 3699 419 3763 regularis
450 3701 476 3745 et
505 3697 624 3752 secularis,

134 3775 191 3825 499.
202 3775 259 3827 501.

104 3853 293 3923 Parochus,
302 3877 338 3911 an
347 3853 501 3911 audiendus
514 3860 547 3909 de
558 3875 628 3908 erec-

133 3945 206 3994 tione
223 3933 327 3998 domus,
341 3945 397 3998 105.
414 3973 447 3982 —
466 3960 501 3995 an
520 3941 626 4008 ingredi

133 4023 218 4090 possit
239 4022 405 4088 religionem,
432 4024 488 4073 136.
509 4020 626 4072 Parochi

127 4106 186 4170 juro
198 4104 227 4154 in
248 4103 448 4152 conservatoria
466 4108 492 4151 et
503 4102 627 4150 alumnos

133 4181 361 4251 Congregationis
389 4197 443 4230 non
477 4184 625 4242 exemptae.

133 4264 214 4326 4523.
228 4262 310 4324 4563,
329 4260 386 4309 464,
409 4259 466 4309 465.
485 4258 542 4307 477.
562 4255 625 4312 486,

133 4341 161 4390 in
173 4341 278 4396 iunera,
292 4339 357 4396 522,
370 4339 397 4386 in
410 4335 525 4402 primam
535 4336 628 4400 puero-

133 4435 193 4470 rum
205 4417 432 4474 communionem,
446 4413 502 4465 507.

1250 403 1309 468 385

741 555 785 602 ¹—
804 567 920 630 regularis
930 565 1003 628 quod
1021 565 1056 613 ad
1069 564 1196 614 Officium
1209 564 1277 612 divi-

786 659 851 692 num
864 643 945 712 3162,
967 631 1002 693 b,
1016 645 1083 706 Ejus
1102 643 1222 692 rationes
1244 642 1271 689 in

784 722 949 776 universum,
964 721 1021 772 499,
1036 721 1093 772 500.
1185 759 1188 763 .

754 794 890 850 Patrini
911 815 1009 850 munus
1024 807 1158 864 quatenus
1171 807 1276 855 vetatur

784 881 943 946 Religiosis‘.
954 881 1035 944 5064.

752 958 949 1034 Paupertas
963 958 1200 1031 communis,a
1217 965 1276 1030 qui-

781 1049 898 1098 busnam
911 1047 1024 1106 colatur,
1040 1049 1096 1098 lO9.

751 1137 981 1210 Paupertatis
999 1145 1143 1211 religiosae
1161 1159 1276 1208 evange·

780 1225 835 1274 lica
847 1225 925 1282 ratio,
940 1226 970 1274 14
982 1241 987 1282 ,
1003 1227 1077 1274 Usus
1089 1223 1162 1287 apud
1172 1221 1275 1286 priores

780 1304 936 1360 monachos,
947 1305 987 1360 42,
1001 1302 1078 1352 Varii
1087 1302 1198 1368 gradile,
1212 1300 1273 1358 239,

780 1370 919 1436 Obligatio
931 1370 959 1420 in
971 1368 1204 1419 administratione
1212 1372 1276 1415 tem-

779 1449 875 1514 porali,
890 1449 948 1497 433.

746 1555 779 1564 -
795 1534 881 1584 votum,
904 1527 1022 1584 237-282,
1045 1543 1067 1576 u.
1090 1529 1119 1574 S.
1143 1527 1175 1574 R.
1196 1539 1222 1588 p.
1249 1527 1273 1579 4,

780 1623 801 1656 s.
816 1610 839 1663 3,
854 1623 877 1656 c,
889 1608 912 1660 2.
927 1613 977 1655 art.
992 1607 1016 1656 3.
1027 1633 1060 1642 -
1072 1609 1157 1660 virtus,
1169 1604 1225 1654 253,

749 1683 915 1740 Peccata.
926 1694 975 1739 Est
987 1696 1073 1739 status
1085 1688 1200 1754 peccati,
1215 1703 1272 1743 cur,

783 1769 807 1822 5.
828 1797 861 1806 —-
883 1776 977 1818 contra
998 1768 1193 1834 obligationem
1217 1782 1274 1814 sec-

779 1849 854 1897 tandi
872 1847 1075 1912 perlectionem,
1089 1847 1147 1898 225.
1167 1846 1224 1895 226.
1242 1872 1275 1881 -

758 1964 760 1970 .
779 1942 815 1976 an
835 1925 1049 1990 multiplicentur
1066 1931 1176 1989 propter
1195 1939 1275 1989 regu·
1311 1957 1312 1960 =

780 2006 842 2062 lam,
857 2006 914 2055 234.

746 2085 780 2121 ’-
802 2091 896 2133 contra
922 2090 1013 2132 votum
1036 2085 1191 2145 permittatis,
1215 2082 1275 2132 252-

780 2165 836 2220 272,
848 2180 873 2213 v.
884 2164 955 2214 Μ’.
966 2178 993 2226 p.
1007 2163 1030 2216 4,
1045 2177 1066 2210 s,
1078 2162 1102 2218 3,
1113 2175 1136 2210 e.
1152 2163 1175 2223 ι),
1186 2165 1236 2209 art.
1248 2160 1272 2214 3,

771 2241 795 2308 ξ
809 2243 831 2305 1,
853 2253 896 2298 ΙΙΙ,
909 2243 1011 2290 Contra
1029 2245 1121 2288 votum
1140 2242 1271 2292 castitatis,

779 2321 841 2376 283,
867 2321 969 2368 Contra
997 2324 1090 2368 votum
1121 2317 1270 2370 obedientiae,

780 2399 837 2450 207.
849 2398 906 2448 208.
920 2397 981 2455 200,
993 2400 1095 2446 Contra
1112 2395 1273 2461 prohibitio-

779 2494 841 2526 nem
852 2477 1020 2544 egrediendi,
1035 2475 1097 2532 304,
1116 2474 1273 2524 accedenda

778 2559 813 2607 ad
826 2557 945 2606 claustra
957 2555 1125 2611 monialium,
1139 2554 1196 2603 312.

745 2666 777 2675 -
799 2641 936 2686 reservata
957 2641 1051 2683 contra
1072 2638 1271 2698 paupertatem,

778 2717 842 2773 271,
863 2714 906 2765 Ob
929 2729 1072 2763 munerum
1091 2712 1271 2779 largitionem,

740 2821 741 2824 ¹
778 2797 866 2856 282,,,,
894 2797 995 2842 Contra
1020 2792 1179 2843 castitatem,
1208 2791 1270 2848 236,

778 2871 1095 2936 Contraprohibitionem
1104 2871 1271 2936 egrediendi,

777 2953 837 3008 305,
853 2954 954 3000 Contra
967 2953 1121 3014 ApostataS‚
1136 2950 1193 2998 342.

692 3051 693 3054 “
747 3027 941 3096 Peculium,
954 3033 1072 3087 tte-281,
1086 3048 1108 3081 o.
1122 3035 1151 3082 S.
1165 3034 1196 3080 R.
1208 3048 1234 3096 p.
1247 3035 1271 3088 4,

749 3111 755 3125 “
777 3131 798 3164 s,
813 3115 837 3170 3,
849 3129 872 3163 c,
887 3114 910 3170 2,
922 3119 972 3162 art.
987 3112 1011 3167 3,
1024 3109 1039 3176 ξ
1054 3112 1077 3170 l,
1089 3121 1126 3162 IV.

747 3191 902 3248 Pecunia
930 3196 1066 3261 quomodo
1095 3210 1110 3243 a
1140 3194 1272 3244 Praelatis
1310 3233 1312 3238 .

777 3277 945 3332 collocanda,
960 3276 1020 3326 439.Δ

747 3355 933 3427 Peregrini
946 3359 1091 3415 absolutio,
1102 3359 1272 3421 elegeon-

776 3443 870 3492 munio
882 3439 1029 3505 paschalis,
1043 3437 1112 3501 506.
1212 3457 1216 3468 ·

747 3517 986 3576 Perteetionis
999 3523 1163 3572 christianae
1173 3525 1271 3570 reseratio

763 3608 806 3656 'in
829 3605 951 3660 caritate,
965 3604 992 3660 2,
1018 3602 1126 3666 Duplex
1143 3605 1223 3657 ratio,
1242 3602 1269 3658 3;

780 3687 863 3736 Sedes
876 3685 903 3731 in
913 3681 1067 3747 praeceptis
1080 3681 1122 3730 vel
1138 3679 1269 3737 consiliis,

778 3767 822 3821 33;
834 3761 1024 3826 Dependentia
1033 3760 1069 3810 ab
1081 3775 1133 3808 usu
1146 3759 1271 3808 consilio-

778 3859 847 3908 rum,
862 3843 902 3890 34.

745 3953 778 3960 -
789 3919 920 3987 obligatio
933 3919 960 3967 in
974 3917 1119 3982 Episcopis
1131 3918 1155 3976 9,
1171 3918 1198 3966 in
1211 3934 1271 3982 pro-

778 3996 865 4051 fessis,
880 3993 995 4044 224-220.

749 4071 1033 4142 Perseverantia,
1071 4094 1107 4132 an
1145 4078 1271 4142 imposita

778 4158 928 4216 monachis,
948 4160 979 4207 42
997 4186 1029 4194 -
1046 4159 1269 4212 commendanda,

779 4241 807 4289 in
819 4238 960 4304 religione,
974 4237 1020 4286 94:

749 4315 978 4385 Persuasum,
990 4320 1065 4384 quid,
1079 4317 1146 4370 428².
1240 4305 1243 4312 ’

750 4401 812 4459 Pia
827 4398 1071 4472 congregatio,
1089 4391 1203 4461 societas,
1228 4405 1268 4455 oe.
