3138 5014
133 1201 137 1210 Ι
146 1142 268 1210 Approba-

118 1198 285 1250 lromsmodi:·
602 1229 607 1240 ·
673 1229 679 1240 ·
897 1231 902 1242 .
1083 1231 1088 1242 .
1210 1231 1239 1243 ..

145 1257 254 1316 p„,„·„,
327 1232 383 1309 per
409 1249 450 1298 se,
483 1231 537 1292 vel
567 1231 724 1292 Vtcarrus
754 1231 933 1312 generalis
967 1232 1022 1293 vel
1047 1232 1133 1294 altus
1160 1231 1345 1312 qutlrbeta

331 1311 524 1455 deputatus

117 1320 218 1371 auclore,

145 1399 255 1446 Proern-

116 1453 237 1517 plilndine.

146 1741 256 1793 Possitne

117 1803 223 1850 absoluta

71 1907 74 1913 ·
117 1863 276 1965 ttlttlt't

146 2151 253 2213 Receplae

118 2212 248 2258 restrictio·

117 2283 165 2318 nes.

145 3691 196 3739 Pro
211 3690 256 3759 lege

116 3763 242 3816 canarno-

116 3820 164 3854 ms.

330 409 389 470 322
713 435 780 470 raas
796 434 911 472 octava,
929 435 1019 471 canor
1035 435 1066 471 111

332 568 472 649 habiles,
488 570 553 634 hoc
574 589 677 634 unum
693 571 903 635 desideratur
919 576 956 633 ut
973 570 1133 654 Episcopi
1149 572 1298 645 referant
1321 567 1448 654 cappro-1

332 651 496 717 bulionem.
539 653 647 732 Haec,
679 660 814 735 praeter
847 653 1013 736 judicium
1045 653 1086 716 de
1119 655 1317 737 capacitate,
1349 655 1434 720 dicit

333 753 536 798 consensum
554 735 588 799 in
600 735 845 818 jurisdictionis
858 755 972 798 usum.

373 817 599 881 Nihilominus
611 837 693 882 usus
708 818 775 881 fert
789 825 828 882 ut
841 817 1045 901 Episcopus,
1064 819 1295 901 approbando,
1314 821 1430 900 simul,

333 906 496 980 quantum
523 907 576 962 est
601 920 712 978 exse,
740 901 871 982 deleget
894 901 996 964 etiam
1008 901 1299 983 jurisdictionem:
1317 902 1365 966 ita
1388 915 1429 966 ut

332 983 421 1044 hanc
447 983 596 1064 plerique
612 985 799 1064 Regulares
823 1003 841 1046 e
868 982 991 1065 duplici
1014 983 1108 1046 fonte
1128 984 1300 1064 hauriant,
1324 999 1428 1068 saepe

332 1069 445 1127 tamen
461 1065 535 1127 aliis
551 1073 584 1126 et
600 1065 674 1128 aliis
690 1066 813 1128 finibus
829 1065 1136 1149 circumscriptam.

374 1169 405 1210 2.
430 1146 668 1228 Approbafionis
693 1148 791 1212 enodi.
820 1149 852 1227 a)
870 1149 1047 1230 Approbat
1070 1151 1125 1212 vel
1148 1149 1218 1232 ipse
1233 1149 1424 1296 Episcopug

1391 1254 1401 1295 1

397 1397 407 1472 )
423 1395 631 1475 Approbatio
647 1399 844 1476 potestesse
861 1389 1002 1457 absoluta
1017 1403 1051 1458 et
1061 1399 1220 1479 perpetuu,
1236 1398 1291 1459 vel
1306 1417 1423 1478 recep·
1538 1389 1539 1436 i

332 1475 376 1538 tis
390 1477 590 1557 quibusdam
606 1475 836 1538 condicionibus
854 1483 882 1538 el
901 1477 1126 1558 exceptionibus
1147 1479 1254 1541 finita.
1271 1481 1421 1564 Receptis,
1538 1487 1539 1494 ’

329 1559 479 1639 inquam,
503 1556 736 1639 exceptionibus,
765 1559 839 1621 Non
866 1561 958 1622 valet
974 1561 1061 1622 enim
1080 1561 1268 1643 Episcopus
1284 1564 1422 1627 restric-

332 1641 440 1724 tiones
456 1642 563 1702 omnis
579 1641 711 1722 generis
728 1640 770 1702 ad
787 1641 954 1704 libidinem
972 1643 1144 1706 inducere.
1163 1719 1167 1726 ,Ἴ

368 1747 424 1803 Per
437 1761 468 1804 se
482 1747 604 1820 quidem
619 1745 776 1818 Regularis
790 1747 851 1819 qui,
872 1745 951 1804 facto
964 1749 1113 1827 examine,¹
1128 1767 1160 1806 se
1173 1751 1325 1822 probasset
1337 1753 1423 1811 abso-

330 1826 392 1882 lute
405 1825 548 1883 idoneum
568 1827 619 1902 jus
643 1827 765 1883 haberet
778 1827 947 1898 quaesitum
970 1827 1007 1884 ad
1026 1827 1196 1886 absolutam
1218 1848 1269 1903 pro
1289 1834 1423 1904 personis

331 1913 514 1970 secularibus
523 1925 532 1954 ¹
542 1913 799 1987 approbationem,
808 1913 858 1970 sed
867 1931 903 1970 ex
913 1915 1139 1984 consuetudine,
1147 1917 1194 1972 cui
1205 1934 1266 1974 non
1276 1926 1422 1991 repugnat

304 2014 306 2018 ’
330 1997 362 2056 S.
377 1995 478 2064 Sedes,
494 1997 660 2070 Episcopus
674 1997 853 2071 permittitur
865 1997 1125 2055 indiscriminatim
1136 2000 1279 2057 omnibus
1293 2000 1421 2074 Regula-

330 2080 412 2138 ribus
425 2091 623 2155 temperatam
638 2090 755 2137 tantum
769 2073 931 2138 concedere
943 2081 1203 2155 approbationem.

366 2164 515 2238 Agedum,
530 2176 665 2239 receptae
678 2165 876 2222 restrictiones
889 2166 1037 2238 pertinent
1050 2160 1092 2222 ab
1106 2181 1201 2241 genus
1208 2165 1415 2243 personarum,

331 2266 359 2306 v.
372 2266 415 2321 gr.
427 2250 452 2306 si
467 2259 659 2322 exceptentur
674 2248 831 2318 moniales,
843 2249 890 2304 vel
904 2248 1059 2321 religiosae
1067 2264 1075 2317 ;
1096 2243 1138 2304 nd
1151 2243 1258 2318 locunt,
1283 2250 1360 2306 hane
1373 2251 1420 2306 vel

330 2333 412 2389 illam
424 2334 574 2390 civitatem
582 2349 590 2402 ;
606 2328 648 2389 ad
666 2334 788 2410 tempus,
799 2333 837 2389 ad
848 2349 943 2390 unum
957 2331 1004 2388 vel
1014 2332 1112 2405 plures
1124 2349 1274 2402 annos,-
1284 2334 1322 2390 ad
1333 2335 1423 2392 bene·

331 2416 483 2488 placitum,
501 2448 534 2456 —
547 2415 642 2471 donec
657 2425 811 2471 revocetur
823 2413 958 2472 facultas

365 2493 439 2556 Non
451 2494 517 2556 licet
531 2506 633 2552 autem
647 2497 811 2569 Episcopo:
827 2498 853 2572 a)
868 2491 1012 2572 Excipere
1027 2499 1140 2576 tempus
1151 2492 1299 2576 paschale.
1313 2497 1347 2554 C.
1364 2497 1415 2554 ln-

330 2582 504 2650 nocendis,
519 2575 788 2658 Exponinobis,=3
807 2579 865 2637 feb.
884 2581 952 2655 1645
966 2591 993 2652 2;
1007 2581 1038 2640 8.
1055 2581 1150 2654 Cong.
1171 2581 1260 2638 Couc.
1281 2597 1317 2638 22
1337 2594 1414 2655 sept.

332 2665 402 2723 1668
423 2674 444 2722 ³.
461 2665 559 2723 Causa
579 2665 660 2720 enim
683 2666 750 2721 talis
773 2665 957 2737 exceptionis
981 2664 1183 2723 adversaretur
1201 2663 1417 2722 ecclesiasticae

329 2747 513 2820 disciplinae,
525 2764 602 2820 quae
614 2746 677 2804 vult
689 2757 766 2804 uteo
777 2748 948 2820 praesertim
965 2757 1169 2824 temporeque
1182 2757 1265 2820 urget
1277 2747 1419 2821 paschale

331 2843 531 2906 praeceptum,
548 2831 619 2887 satis
632 2829 756 2888 liberam
772 2832 902 2889 habeant
921 2829 1023 2888 fideles
1036 2830 1284 2888 confessariorum
1299 2833 1417 2904 copiam

331 2933 406 2974 neve
419 2915 559 2972 indirecte
569 2926 715 2988 cogantur
729 2916 811 2972 adire
824 2917 1000 2988 parochum.
1016 2913 1077 2972 Cfr.
1092 2914 1196 2985 Melet,
1209 2933 1239 2972 n.
1251 2915 1382 2990 348·350.

366 2999 394 3074 u)
408 2998 517 3057 Vetare
532 3017 570 3056 ne
589 3000 701 3072 absque
714 2999 840 3056 Parochi
854 3000 973 3062 licentia
987 2999 1034 3056 vel
1049 3001 1105 3057 hoc
1124 3017 1185 3055 non
1195 2995 1285 3076 prins
1297 2999 1420 3055 certiore

330 3080 419 3152 facto,
426 3083 588 3157 Regulares
597 3083 745 3156 excipiant
752 3079 944 3160 confessiones
954 3079 1151 3160 infirmorum
1161 3083 1191 3138 in
1202 3099 1308 3139 eorum
1318 3082 1419 3138 domo.

330 3165 361 3224 S.
373 3166 406 3224 C.
418 3165 482 3226 EE.
496 3178 526 3224 et
535 3167 600 3224 RR.
613 3183 645 3241 13
655 3175 729 3239 sept.
745 3165 812 3238 1641
824 3167 904 3238 apud
927 3165 1066 3237 Bizzarri,
1082 3184 1111 3238 p.
1127 3180 1173 3240 27.
1189 3163 1249 3222 Cfr.
1267 3163 1343 3222 Ben.
1355 3179 1418 3234 xrv,

330 3249 377 3310 De
389 3245 462 3329 Syn.
477 3252 496 3309 l.
511 3269 539 3325 9,
556 3269 582 3308 c.
601 3251 643 3320 16,
658 3268 689 3307 n.
703 3267 721 3324 9
733 3261 763 3306 et
777 3249 880 3320 Melet,
895 3268 926 3306 n.
940 3265 1007 3324 350.

331 3389 333 3394 s
366 3337 489 3393 Peracta
498 3347 599 3391 tamen
610 3332 807 3405 confessione,
816 3335 925 3391 debent
936 3335 1015 3391 illico
1027 3351 1149 3391 monere
1160 3334 1325 3407 parochum
1336 3329 1419 3389 infir·

329 3420 573 3490 morum,saltem
584 3436 635 3490 per
644 3419 784 3491 scriptam
796 3418 970 3475 schedulam
986 3419 1066 3492 apud
1080 3416 1235 3474 infirmum
1251 3418 1419 3490 relinquen·

330 3505 415 3562 dam:
438 3503 628 3576 quodetiam
651 3504 706 3558 sub
729 3520 826 3574 poena
845 3503 1052 3574 suspensionis
1068 3503 1106 3558 ab
1121 3500 1261 3559 facultate
1277 3501 1417 3559 audiendi

330 3584 531 3643 confessiones
544 3585 710 3659 Episcopus
719 3585 825 3662 jubere
838 3597 944 3659 potest.

373 3685 403 3762 c)
419 3683 626 3766 Approbatio
642 3685 838 3749 conceditur
860 3679 915 3748 vel
936 3686 1001 3748 sine
1025 3686 1165 3749 examine
1187 3688 1241 3750 vel
1259 3691 1329 3768 posi
1344 3706 1417 3748 exa·

330 3787 415 3829 men:
432 3767 541 3828 minus
556 3768 740 3848 gratuitum
757 3775 808 3830 est
824 3775 904 3831 tunc
922 3769 1133 3834 beneficium.

181 3986 182 3989 ’
206 4001 244 4046 χ.ὼ
330 3968 335 3972 ’
359 3987 421 4033 11ta
436 3999 468 4033 ex
480 3986 512 4035 C.
524 3986 671 4036 Clementis
681 3973 707 4042 x.
718 3989 833 4049 Superna,
846 3991 857 4042 5
869 4008 892 4047 4.
905 4007 931 4038 21
942 3989 1002 4048 jun.
1020 3998 1085 4048 1670.
1097 3989 1232 4039 Absoluta
1251 3987 1416 4048 approbatio

329 4056 384 4090 non
399 4043 505 4092 confert
521 4052 683 4102 potestatem
698 4047 725 4094 in
742 4061 821 4094 casus
832 4045 868 4094 ab
880 4047 1018 4108 Episcopo
1036 4054 1205 4098 reservatos:
1228 4047 1264 4094 ad
1275 4047 1324 4096 hos
1342 4045 1415 4095 enim

329 4109 422 4149 carent
433 4103 570 4164 regulares
574 4103 750 4162 jurisdictione.
765 4103 901 4153 Observes
910 4104 947 4152 ab
960 4119 1010 4153 usu
1022 4113 1133 4166 recepto
1141 4119 1199 4153 esse
1209 4103 1330 4152 alienum
1341 4102 1415 4163 ipsos

328 4173 395 4208 rusus
405 4161 570 4226 approbatione
599 4175 671 4209 resse
684 4162 735 4210 ⁴tali
745 4162 897 4210 excludere.
911 4163 968 4212 Cfr.
988 4163 1151 4220 Lehmkuhl,
1164 4177 1190 4210 n.
1200 4180 1243 4219 4ο4
1251 4175 1257 4218 ;
1270 4161 1414 4210 Ballerini-

329 4217 468 4281 f'almtert,
481 4219 573 4282 Opus]
589 4219 631 4266 eol.
642 4219 884 4275 &Paenitentiam
895 4236 946 4278 722.
959 4230 1011 4278 723.
1025 4223 1118 4284 Quare
1128 4219 1270 4280 pontificia
1272 4217 1413 4280 jurisdictio

328 4289 356 4322 in
367 4283 504 4324 reservata
515 4276 663 4336 episcopali
675 4292 690 4323 n
703 4278 841 4337 probatione
852 4291 906 4326 non
916 4278 1020 4327 finitur.

334 4342 337 4350 '
356 4333 457 4438 ²t3pud
476 4335 543 4380 Ben.
562 4346 608 4381 xrv
623 4334 660 4381 De
689 4333 778 4394 ynodo,
799 4336 816 4383 l.
837 4353 873 4391 ιι,
893 4349 917 4384 c.
938 4354 972 4394 14,
985 4351 1011 4384 n.
1026 4357 1048 4396 4.
1061 4337 1110 4373 -3
1125 4336 1247 4395 Melange
1259 4332 1326 4384 linui.
1347 4345 1369 4380 s.
1387 4349 1411 4388 4,

327 4403 378 4449 p.1
420 4405 460 4450 sq.
1134 4438 1138 4444 ,
1173 4439 1175 4444 ,
1407 4437 1411 4443 .
