3142 5004
345 421 407 486 914
705 443 788 496 ωε
803 443 917 495 putari.
934 443 1025 480 carus
1039 443 1059 504 ῃ

387 577 518 644 Passiuu
535 579 589 643 illa
604 579 771 662 exemptio
789 577 885 642 nobis
901 579 1034 642 videtur
1049 577 1286 658 distinguenda
1297 578 1440 662 perfecta

346 670 380 726 et
395 660 583 743 imperfecte.
600 664 665 724 Per
680 681 716 724 se
731 661 832 742 enim,
850 668 887 725 ut
903 662 1072 743 colligitur
1087 681 1128 725 ex
1143 660 1240 725 dictis
1268 661 1323 735 ab,
1340 663 1439 725 initio

348 767 382 808 n.
409 746 494 825 16,3‚
526 743 671 826 religiosi
702 743 913 824 hierarchiae
953 744 1203 808 ecclesiasticae
1226 743 1440 824 ¹subduntur

347 837 418 890 turn
432 827 522 908 quod
538 827 579 889 ad
597 847 810 890 communem
833 827 980 890 fidelium
1003 827 1313 910 condicionemssseu
1337 827 1437 890 disci·

347 912 471 994 plinam
500 909 743 982 ecelesiasticam,
769 915 840 976 turo
862 909 950 991 quod
980 911 1022 973 ad
1048 909 1255 992 disciplinam
1284 909 1437 993 ipsorum

348 992 530 1086 propriam,
548 992 570 1054 i.
587 1012 617 1056 e.
641 991 823 1054 sectandae
843 992 1060 1075 perfectionis
1075 1011 1136 1055 seu
1149 990 1343 1075 religiosam.
1359 993 1436 1056 Erit

348 1076 451 1156 igitur
463 1074 622 1158 perfecta
638 1075 692 1136 vel
713 1073 911 1157 imperfecta
933 1075 1112 1158 exemptio,
1130 1083 1231 1158 prout
1246 1076 1437 1158 Episcopus

348 1159 474 1221 nullam
490 1157 610 1220 retinet
623 1155 904 1239 jurisdictionem,
921 1159 974 1220 vel
988 1177 1064 1221 eam
1081 1165 1281 1240 servatque
1303 1156 1436 1222 ceteros

348 1241 434 1321 regit
449 1239 574 1304 fideles.
588 1239 678 1304 Usus
691 1246 805 1302 tamen
821 1246 923 1303 estut
938 1241 1084 1321 exempti
1097 1240 1252 1304 dicantur
1268 1241 1290 1304 ii
1303 1247 1436 1304 tantum

349 1325 404 1404 qui
430 1342 490 1405 per
516 1342 550 1384 se
578 1341 710 1385 ottonem
737 1322 906 1386 declinare
933 1330 1075 1406 possunt
1097 1322 1258 1407 Episcopi
1279 1322 1437 1407 jurisdic-

349 1413 485 1470 tionem.

156 1522 293 1589 exemptio·
385 1511 474 1572 363.
492 1507 532 1568 II.
558 1505 808 1581 exemptionis
832 1509 991 1580 genesis.
1018 1510 1053 1569 In
1075 1523 1166 1569 causa
1190 1511 1321 1570 nondum
1345 1510 1434 1584 plane

134 1577 294 1685 wiffam·
348 1597 550 1654 demonstrata
564 1595 638 1653 haec
651 1595 788 1662 videntur
804 1595 878 1664 tradi
893 1613 990 1670 posse.
1234 1663 1241 1668 ν
1279 1661 1285 1672 „
1318 1663 1326 1670 ,.
1348 1660 1352 1667 ,
1373 1659 1380 1668 ,,

210 1669 221 1686 ”
387 1677 463 1738 1.1n
484 1679 660 1752 primordiis,
681 1697 718 1736 ex
737 1679 801 1754 ipsa
820 1681 948 1737 naturali
968 1675 1067 1739 rerum
1088 1673 1266 1739 condicione
1276 1689 1360 1738 erent
1373 1697 1435 1738 mo·

348 1764 477 1821 nasteria
488 1764 516 1820 in
529 1772 673 1836 potestate
685 1763 914 1836 Episcoporum.
923 1765 1008 1840 Quae
1019 1775 1149 1838 potestas
1161 1765 1207 1823 vel
1219 1765 1283 1838 ipso
1294 1761 1438 1838 frequenti

349 1866 404 1907 usu
428 1848 613 1920 prodebatur,
629 1857 662 1905 ut
684 1849 718 1917 si,
743 1849 998 1922 quemadmodum
1025 1850 1055 1906 in
1080 1848 1189 1921 Africa,
1211 1848 1320 1920 Gallia,
1341 1847 1438 1918 ltalia,

350 1933 405 2004 ipsi
417 1932 555 2004 Episcopi
567 1934 596 1987 in
612 1940 726 2005 partem
741 1942 884 1989 venerant
897 1933 1043 1989 condendi
1058 1935 1249 2004 monasterii;
1264 1934 1310 1990 vel
1331 1932 1439 1991 forma·

350 2017 415 2074 liter
427 2016 643 2088 agnoscebatur
660 2033 696 2073 eo
711 2017 801 2073 modo
811 2034 871 2088 quo
883 2018 1024 2074 monachi
1039 2017 1214 2092 Aegyptiaci
1225 2017 1440 2092 profitebantur

350 2101 549 2160 obedientiam
561 2100 1011 2173 ArchiepiscopoAlexandrino;
1021 2102 1066 2158 vel
1079 2103 1180 2175 paucis
1190 2105 1366 2160 cernebatur
1374 2119 1435 2157 ves·

350 2186 438 2259 tigiis,
454 2185 529 2241 utin
546 2186 649 2257 primis
661 2183 807 2241 Institutis
821 2183 1040 2242 Monachorum
1054 2187 1153 2244 stricte
1163 2185 1373 2245 Orientalium:
1387 2186 1437 2261 jus

350 2279 452 2327 tamen
467 2269 606 2342 Episcopi
619 2285 674 2326 nec
688 2268 789 2341 negari
804 2277 899 2341 potest
912 2286 966 2326 nec
976 2272 1115 2343 querelae
1139 2280 1211 2329 tunc
1225 2272 1315 2330 dabat
1328 2270 1437 2328 locum.

386 2369 404 2408 a
435 2351 494 2410 Ubi
505 2370 552 2409 res
565 2362 687 2425 coeptae
704 2362 774 2409 sunt
786 2345 953 2410 accuratius
966 2355 1117 2427 componi,
1132 2355 1214 2427 prius
1227 2355 1343 2411 videtur
1354 2352 1440 2409 dobi-

351 2447 446 2494 tatum
463 2436 499 2492 de
519 2436 583 2507 ipsa
595 2436 710 2492 ratione
728 2437 945 2508 quamonachi
966 2437 1123 2513 Episcopis
1135 2440 1340 2512 obtemperare
1352 2437 1440 2495 debe-

350 2530 430 2577 rent:
451 2520 481 2574 h.
505 2537 532 2574 e.
557 2527 657 2574 utrum
678 2519 853 2576 clericorum
874 2531 944 2576 tunc
960 2522 1129 2594 propriaan
1150 2523 1306 2580 communi
1321 2527 1440 2578 tantum

351 2602 484 2661 fidelium
512 2611 682 2660 tenerentur
714 2600 894 2661 obedientia.
918 2603 1027 2679 ¹Atque
1059 2607 1118 2664 huc
1146 2615 1317 2682 spectarunt
1344 2606 1441 2680 prima

351 2686 493 2744 libertale
517 2685 643 2753 decreta,
672 2699 704 2742 ut
732 2688 913 2744 monasteria
933 2690 1167 2762 pronunciarent
1187 2715 1201 2744 e
1228 2689 1441 2748 acondicione

350 2772 524 2829 clericorum
544 2770 685 2826 omnibus
709 2771 806 2827 modis
832 2771 924 2828 libera
945 2795 972 2830 s.
1002 2772 1086 2831 Haec
1110 2771 1263 2834 litterioris
1281 2769 1441 2850 regiminis

350 2853 637 2926 immunitas,quam
648 2852 852 2927 imperfectam
864 2856 994 2913 diximus
1004 2859 1306 2937 exemption·etn,Jam
1318 2867 1442 2931 apparet

352 2943 382 2997 in
397 2937 543 2996 Africanis
565 2938 698 2995 conciliis
718 2940 810 2995 seculi
823 2955 855 2996 v1
876 2951 896 2997 ¹.
917 2939 1042 2998 Videtur
1060 2944 1150 3000 etiam
1171 2933 1441 3007 istisrnonasteriis

254 3085 256 3090 ,
351 3026 479 3093 licuisse,
503 3034 536 3082 ut
559 3023 728 3095 aquolibet
757 3023 896 3097 episcopo
916 3025 972 3082 sibi
997 3027 1175 3086 asciscerent
1194 3029 1368 3099 sacerdotes,
1389 3028 1441 3101 qui

351 3111 405 3168 sibi
426 3109 515 3165 sacris
529 3117 732 3180 operarentur.
961 3129 963 3134 ·
1077 3138 1080 3145 ·

148 3216 298 3276 ngmsn.
348 3201 351 3204 ”
387 3210 414 3268 3.
429 3193 496 3270 Quo
516 3192 852 3266 tamenaquorundam
874 3193 1089 3266 Episcoporum
1105 3195 1309 3253 exactionibus
1328 3202 1357 3251 et
1377 3189 1440 3250 mo'·

138 3289 187 3324 ms.
351 3280 431 3336 lestis
441 3278 620 3352 quandoque
634 3277 875 3350 oppressionibus
894 3289 905 3317 ²
920 3295 951 3334 se
965 3279 1062 3351 magis
1075 3279 1227 3336 immunes
1245 3279 1438 3346 vindicarent,

351 3363 472 3436 impulsi
486 3369 556 3418 sunt
574 3360 715 3417 monachi
729 3361 766 3417 ad
787 3362 990 3434 quaerendum
1010 3363 1065 3418 sibi
1077 3363 1256 3435 praesidium
1276 3364 1339 3436 sive
1351 3363 1441 3436 Regis

351 3449 412 3506 sive
427 3446 539 3504 summi
553 3443 716 3502 Pontificis.
740 3443 938 3502 Monumenta
958 3447 1207 3505 monasteriorum
1227 3449 1269 3505 sic
1290 3446 1393 3504 infide
1411 3462 1441 3504 et

351 3531 488 3589 clientela
509 3528 540 3585 S.
561 3527 645 3585 Sedis
665 3528 847 3584 versantium
868 3530 963 3586 multa
987 3539 1094 3588 sunta
1118 3532 1217 3588 medio
1240 3533 1340 3589 seculo
1363 3548 1394 3589 rx
1417 3540 1439 3590 ³.

225 3668 231 3688 ,
253 3642 265 3662 κ
352 3614 442 3684 Hinc,
456 3611 594 3686 quamvis
613 3610 768 3668 clientelae
787 3620 816 3668 et
834 3613 1034 3686 exemptionis
1052 3615 1182 3674 rationes
1201 3625 1300 3674 essent
1320 3617 1396 3673 inter
1409 3633 1442 3672 se

253 3689 261 3699 ’
284 3761 288 3768 ,
317 3752 321 3756 ,
351 3699 517 3764 distinctae,
538 3695 660 3767 proclivi
679 3703 781 3751 tamen
802 3713 888 3752 cursu
903 3694 1015 3754 factum
1030 3709 1084 3767 est,
1107 3685 1140 3757 ut
1153 3700 1371 3758 commendatis
1384 3701 1441 3757 sibi

381 3933 387 3967 ¹
400 3932 483 3979 Cone.
496 3926 723 3990 Carthaginensia
735 3942 759 3976 a.
773 3933 814 3977 523
823 3933 850 3978 et
859 3935 909 3978 535.
922 3929 978 3979 Cir.
993 3930 1100 3984 Helele.
1113 3915 1371 3992 Conciliengesrhiclte,
1383 3935 1402 3979 t.
1415 3947 1439 3990 2,

352 3993 607 4094 p⁸²6llalegsdic3i8mus
617 4043 692 4094 bona
702 4044 783 4094 venia
795 4045 956 4110 Praesulum
967 4045 1013 4106 qui
1031 4046 1166 4109 religiosis
1177 4047 1316 4097 utilissimi
1328 4047 1443 4096 adfuere

352 4103 434 4153 amici
446 4109 473 4151 et
483 4103 600 4169 patroni.
611 4103 663 4152 Sed
675 4117 763 4151 sermo
773 4108 937 4169 scriptorum
945 4103 1058 4153 alterius
1067 4105 1165 4154 aetatis
1177 4105 1323 4155 videbatur
1340 4119 1441 4154 memo·

352 4163 463 4212 raudus.
488 4162 623 4212 iSctmus
645 4161 718 4221 quod
742 4159 778 4209 ob
799 4169 918 4221 quietem
936 4163 1163 4211 monasteriorum
1189 4170 1215 4212 et
1243 4165 1265 4212 E
1287 4163 1443 4223 iscoporum
1542 4171 1543 4206 t

353 4219 526 4281 tyrannidem
536 4218 585 4267 has
600 4219 784 4279 exemptiones
803 4219 964 4280 plerumque
983 4221 1043 4268 RR.
1062 4221 1210 4272 Pontifices
1227 4221 1256 4270 in
1278 4222 1410 4270 uiserunt.
1432 4238 1441 4266 s
1542 4225 1543 4256 ἐ

353 4283 404 4336 lta,
417 4294 442 4328 v.
455 4292 505 4385 fir,
516 4275 672 4326 Richardus
687 4275 817 4336 Archiep.
835 4278 965 4326 Cantuar.
982 4276 1039 4326 ine
1062 4277 1141 4328 istola
1156 4276 1192 4328 ad
1208 4279 1395 4329 Alexandrum
1411 4291 1442 4328 111

353 4339 381 4388 in
392 4351 446 4397 qua
476 4337 581 4442 eplorat
592 4333 695 4383 abusus
706 4334 919 4405 exemptionum.
932 4335 981 4403 tivi.
994 4335 1025 4382 P.
1041 4396 1045 4404 ι
1066 4373 1071 4383 .
1085 4342 1103 4383 t.
1117 4355 1154 4394 υ,
1167 4337 1191 4387 ε’,
1206 4342 1266 4400 145).
1329 4361 1331 4366 v

381 4395 457 4444 ³·Clr,
471 4396 493 4443 B
506 4393 656 4449 umenstok,
668 4394 720 4441 Der
725 4392 854 4452 papstlrcie
863 4393 952 4442 Srlrutr
960 4407 993 4442 im
1002 4394 1033 4441 M
1035 4393 1153 4445 ittelolter.
1189 4435 1191 4438 .
