3148 5004
139 608 285 667 interruptio

120 667 262 715 novitiatus.

128 2771 287 2832 Quid,siper·

127 2836 181 2878 aeta
200 2831 287 2890 prola-

129 2889 191 2935 tione
223 2889 289 2935 novi·

127 2948 175 2992 tius
202 2944 287 2993 disces·

127 3005 193 3060 serit,

131 3445 171 3492 Vei
185 3444 289 3493 invalide

126 3503 289 3565 sitprofessus?

147 3697 287 3744 Novitialus

128 3757 201 3802 ealle.

145 3867 196 3926 Quo
205 3866 287 3912 lrabilu

124 3922 287 3984 peragendum.

341 441 402 512 ill
637 469 705 506 rans
720 469 841 518 ouante.
859 469 954 505 suerro
968 470 999 506 11.
1015 467 1105 507 cnrur
1121 473 1130 508 r

386 602 471 672 lae.
503 603 778 684 Interrumpitur
798 604 984 668 novitiatus
1005 625 1046 669 eo
1068 607 1157 687 quod
1178 614 1290 670 status
1309 607 1427 672 novitii

340 689 441 752 luerit
456 689 590 772 perfecte
601 687 757 764 direrissuS,
771 707 830 750 seu
839 688 1010 751 vinculum
1022 690 1148 753 morale
1161 709 1238 753 curn
1251 690 1426 772 Religione

332 771 489 856 perfecte
503 771 696 853 abruptum.
713 773 850 834 Etcum
872 769 1038 854 plerisque
1062 771 1226 835 sentimus
1243 792 1310 835 non
1328 792 1426 856 posse

340 854 453 918 brevis
468 853 567 938 spatii
581 860 616 916 et
631 873 708 916 mox
722 861 860 947 secutae
874 854 1100 946 paenitentiae
1114 854 1233 919 baberi
1245 857 1425 920 rationem.

381 941 452 1019 Age
467 956 581 1022 porro,
597 936 746 1021 perfecte
761 936 941 999 dimittitur
956 942 1088 1001 status:
1430 999 1433 1004 .

381 1023 414 1099 a)
431 1020 517 1084 Cum
542 1019 689 1083 novitius
712 1027 831 1103 sponte
853 1039 916 1081 sua
937 1025 971 1082 et
992 1020 1118 1083 dimisso
1139 1019 1247 1084 habitu
1267 1033 1301 1083 ee
1315 1018 1407 1083 excat*
1414 1038 1432 1081 e

291 1112 295 1119 '
340 1102 473 1167 elatestro
499 1121 575 1166 cum
599 1102 713 1165 animo
734 1101 918 1165 deliberato
942 1102 1116 1167 deserendi
1147 1103 1368 1184 Religionem.
1392 1104 1432 1167 Si

339 1206 423 1249 vero
438 1185 590 1262 habitum
605 1186 806 1262 servaverit,
823 1185 1052 1266 praesumitur
1074 1186 1186 1248 animo
1202 1185 1313 1250 minus
1328 1187 1427 1250 firmo

340 1276 374 1333 et
389 1275 483 1332 certo
498 1268 628 1346 fecisse,
647 1268 825 1330 dummodo
844 1267 950 1344 brevi,
968 1267 989 1331 i.
1006 1287 1037 1331 e.
1053 1276 1130 1352 post
1146 1284 1250 1332 unum
1273 1272 1327 1332 vel
1343 1270 1427 1331 duos

340 1355 422 1426 dies,
437 1356 568 1433 repetat
580 1349 912 1413 monasterium.Cfr.
926 1349 1241 1434 Schmalzgrueber,
1256 1351 1278 1415 l.
1288 1372 1318 1416 c.
1328 1373 1361 1415 n.
1371 1357 1422 1414 68.

341 1441 391 1516 69,
408 1435 529 1511 Bouix,
547 1451 570 1510 1,
588 1452 620 1515 p.
638 1450 709 1514 577,
733 1432 790 1495 ubi
816 1431 978 1496 resolutio
1004 1433 1040 1498 S.
1065 1431 1356 1517 Congregationis,
1388 1441 1421 1495 et

339 1519 418 1581 Aeta
434 1517 469 1580 S.
486 1516 587 1593 Sedis,
605 1531 654 1585 111.
672 1536 705 1598 p.
725 1536 794 1596 119.
964 1537 968 1550 ·
1266 1591 1267 1598 ἵ
1459 1590 1463 1595 .

381 1601 414 1679 b)
435 1599 471 1662 Si
485 1599 571 1680 quis,
588 1596 754 1677 objustom
776 1618 912 1674 eausam,
940 1619 960 1660 a
983 1598 1164 1680 Superiore
1184 1600 1297 1680 jussus
1320 1597 1422 1660 luerit

341 1684 489 1746 claustra
515 1680 714 1760 relinquere,
741 1687 775 1743 et
800 1701 833 1742 re
855 1681 975 1744 exierit.
992 1681 1091 1766 Justa
1111 1682 1286 1745 deficiente
1308 1700 1423 1759 causa,

340 1785 374 1827 v.
398 1784 450 1845 gr.
474 1764 502 1826 si
524 1763 567 1825 ob
584 1763 731 1844 iniquam
743 1764 960 1842 calumniam,
985 1764 1169 1829 novitiatus
1182 1783 1273 1827 mere
1285 1781 1433 1846 suspen·

340 1848 442 1924 ditur,
458 1847 522 1910 nisi
537 1847 675 1909 nimium
690 1846 905 1910 intervallum
927 1846 1168 1913 intercesserit.
1187 1848 1293 1931 Justa·
1312 1854 1423 1908 autem

341 1937 392 1994 est
408 1949 523 2008 causa,
541 1930 567 1992 si
590 1929 717 2010 judicio
743 1927 860 1992 medici
877 1929 1004 1992 viribus
1031 1931 1074 1993 sit
1103 1931 1222 2012 impar,
1250 1929 1315 1992 etsi
1339 1928 1427 1991 forte

340 2019 459 2097 postea
475 2013 698 2075 convaluerit.

381 2096 419 2157 In
435 2101 579 2178 utroque
595 2114 688 2172 casu,
706 2095 812 2157 donec
833 2094 1012 2175 refiexierit,
1028 2095 1119 2158 utilis
1136 2097 1231 2159 locus
1246 2101 1299 2158 est
1313 2093 1432 2177 paeni-1

341 2178 478 2242 tentiae.
716 2199 718 2202 ·

382 2265 413 2341 c)
430 2261 466 2324 Si
481 2261 579 2323 nimis
595 2259 649 2323 diu
665 2258 768 2321 vitam
783 2278 922 2342 prorsus
934 2261 1121 2322 secularem
1135 2279 1236 2337 agere
1253 2259 1430 2322 debueritt·

341 2365 375 2408 v.
405 2363 457 2424 gr.
489 2363 547 2422 per
577 2344 702 2404 annum
730 2341 896 2424 stipendia
921 2344 1054 2407 mereri.
1082 2342 1305 2421 ltaGenicot,
1322 2342 1423 2406 Casus

341 2426 549 2502 eonscientiae,
566 2424 615 2486 De
629 2423 768 2499 statibus,
787 2446 815 2487 s.
833 2447 862 2503 3,
882 2445 911 2488 e.
929 2446 959 2502 2,
976 2444 1045 2488 cas.
1063 2449 1094 2506 4.

382 2508 418 2570 Si
434 2516 545 2569 tamen
557 2507 646 2569 inter
658 2509 722 2568 ista
734 2508 918 2569 ostenderit
930 2527 966 2569 se
978 2509 1090 2571 animo
1101 2514 1253 2588 perstare
1268 2507 1301 2569 in
1314 2507 1426 2589 incep-

342 2595 376 2652 to
392 2588 563 2669 religionis
579 2588 760 2666 curricu10,
779 2590 882 2672 ipsius
901 2589 1086 2653 novitiatus
1100 2610 1169 2654 non
1181 2591 1314 2653 videtur
1328 2589 1425 2653 nobis

342 2672 443 2734 fuisse
460 2671 524 2733 nisi
540 2689 733 2751 suspensus

386 2756 473 2819 190.
491 2753 537 2821 Si,
550 2756 674 2832 peracte
690 2751 882 2834 probatione,
906 2752 1066 2836 Religioni
1078 2754 1261 2818 valedixerit
1276 2756 1310 2817 e't
1334 2773 1422 2829 mox,

342 2838 420 2899 facti
440 2835 626 2918 paenitens,
650 2835 786 2897 redierit
810 2835 843 2896 in
867 2837 1119 2912 monasterium,
1144 2837 1328 2901 secundum
1352 2856 1425 2898 sen·

342 2919 482 2981 tentiam
505 2937 590 2999 quae
614 2938 680 2979 non
704 2920 807 2980 semel
830 2938 850 2979 a
877 2919 912 2982 S.
931 2918 1202 3001 Congregatione
1218 2919 1359 2983 Concilii
1374 2925 1426 2981 est

341 3002 488 3078 firmata,
520 3001 643 3083 poterit
669 3000 740 3062 sine
766 3021 855 3062 nova
884 3003 1084 3084 probatione
1110 3009 1191 3067 vota
1217 3022 1423 3086 nuncupare,

343 3084 442 3147 modo
458 3103 565 3163 neque
581 3084 614 3146 in
631 3084 702 3163 ipso
724 3103 831 3162 neque
848 3084 880 3146 in
898 3084 1022 3148 Ordine
1037 3087 1149 3167 aliqua
1164 3086 1315 3150 evenerit
1331 3091 1426 3147 nota·

342 3167 417 3230 bilis
430 3166 701 3230 mutatio.Cfr.v.
716 3185 766 3246 gr.
781 3166 946 3245 Schmier,
960 3175 985 3231 t.
999 3188 1029 3246 2,
1044 3170 1065 3231 l.
1076 3189 1118 3247 c.,
1129 3190 1163 3232 n.
1181 3167 1426 3252 140.Probatus

343 3251 430 3314 enim
453 3258 505 3312 est
531 3251 577 3313 ita
594 3256 631 3312 ut
656 3249 732 3314 finis
757 3249 840 3330 legis
867 3251 910 3312 sit
935 3251 1081 3332 perfecte
1108 3254 1281 3315 obtentus.
1304 3252 1423 3330 Plures

343 3341 455 3396 tamen
473 3353 549 3396 cum
565 3333 693 3396 Suarez
709 3333 787 3394 olim
804 3333 1058 3397 dissentiebant.

383 3417 462 3479 Pari
484 3416 615 3479 ratione
640 3415 693 3476 ille
716 3416 784 3495 qui,
809 3415 898 3476 facta
921 3416 1131 3496 probatione,
1155 3416 1300 3479 invalide
1317 3421 1425 3476 estex

342 3499 474 3561 delectu
504 3499 626 3560 aetatis
662 3499 844 3578 professus,
881 3505 1002 3579 potest,
1034 3507 1211 3581 postquam
1234 3498 1434 3578 legitimam,

342 3582 483 3660 adeptus
500 3588 551 3642 est
567 3585 725 3657 aetatem,
741 3581 891 3663 profiteri
907 3601 974 3642 non
990 3583 1133 3665 repetito
1149 3582 1328 3644 novitiatu.

385 3665 472 3728 191.
492 3685 519 3725 1.
537 3666 590 3723 De
605 3664 744 3724 habitu.
763 3665 796 3740 a)
809 3663 862 3724 Ex
865 3661 940 3743 jure
950 3664 1112 3733 communi,
1134 3665 1318 3727 novitiatus
1331 3681 1425 3744 pera·

342 3746 471 3826 gendus
487 3751 538 3806 est
556 3745 587 3806 in
611 3742 718 3805 habite
740 3744 894 3826 religioso,
919 3745 981 3808 nisi
1005 3747 1094 3809 aliud
1118 3749 1276 3810 statuerit
1295 3746 1432 3824 Regula·

342 3827 541 3910 approbata,
568 3827 623 3888 vel
652 3828 875 3908 postulaverit
906 3828 1044 3891 morbus
1069 3837 1129 3892 aut
1151 3829 1424 3911 impedimentum

343 3931 409 3972 non
425 3910 664 3972 voluntarium.
692 3910 790 3992 Quod
813 3918 935 3971 eruunt
958 3931 999 3972 ex
1020 3932 1050 3976 c.
1079 3932 1113 3992 15
1137 3911 1325 3974 Tridentini
1348 3929 1426 3971 con·

342 3993 419 4069 cilii,
436 4012 464 4055 s.
482 4011 519 4071 25
536 3992 585 4054 De
599 3990 817 4074 Reguleeibes,
835 4013 901 4073 quo
917 4002 1007 4055 certe
1024 3994 1185 4057 indirecte
1205 3993 1425 4056 confirmatur

342 4075 501 4155 obligatio
513 4074 681 4138 deferendi
694 4075 859 4153 habitum,
868 4075 895 4138 si
908 4096 1007 4156 quam
1023 4080 1139 4158 regula
1151 4079 1205 4139 vel
1217 4074 1425 4138 consuetudo

342 4157 508 4223 indixerit.

377 4262 568 4337 Antiquiores
580 4263 698 4335 regulae
709 4263 918 4336 permittebant
930 4263 1108 4320 novitiatum
1128 4266 1158 4321 in
1169 4273 1250 4321 veste
1265 4263 1352 4320 laica.
1367 4257 1426 4318 etr.

341 4347 473 4418 regulam
482 4345 512 4404 S.
521 4345 674 4403 Benedicti
684 4365 710 4404 c.
717 4347 786 4421 58et
795 4357 957 4405 comment.
967 4347 1222 4424 Martene(Migne
1233 4347 1306 4417 t.65,
1314 4366 1343 4406 c.
1351 4341 1425 4418 836).

342 4428 441 4486 Immo
458 4429 607 4486 existimat
625 4428 855 4500 Thomassinus,
876 4440 898 4487 t.
918 4448 938 4499 1,
959 4431 979 4488 l.
999 4447 1026 4504 3,
1048 4450 1076 4490 c.
1098 4433 1144 4505 48,
1175 4431 1422 4490 consuetudinem
