3138 5014
122 613 263 674 Praesump-

104 672 146 728 tio,

119 796 261 853 Necessitas,

131 1291 217 1340 Clerici

101 1356 142 1398 aret
151 1351 219 1408 leiti,

26 1844 30 1849 ·
125 1832 243 1879 Extrema

101 1887 187 1937 Unctio
204 1895 246 1936 out

104 1946 223 1995 Viaticum
232 1948 244 1994 t

129 2253 193 2313 Quid
202 2256 225 2301 si

97 2314 150 2369 quis
165 2311 259 2359 saerile-

96 2383 124 2426 ge
137 2372 258 2429 susceperit

104 2426 241 2474 Viaticum?

127 2591 251 2651 Requisito

98 2648 203 2697 licentia.

132 2789 251 2838 Viaticum

100 2851 133 2892 est
151 2849 176 2894 in
188 2854 240 2907 pro·

96 2906 151 2963 prio
164 2909 257 2954 territo·

98 2963 259 3065 §inconferen-

115 3033 161 3068 am.

127 3105 228 3154 Publica

98 3162 146 3208 SS.
163 3164 258 3212 Euclio.

99 3221 257 3283 ristiaeesepo·

97 3278 156 3324 sitio
182 3283 258 3348 requi-

99 3335 258 3386 ritiicentrom

98 3393 219 3456 Episcopi.

125 3713 163 3759 De
172 3716 240 3763 modo

96 3775 258 3828 qaoossentiei

93 3831 169 3885 possit
184 3831 256 3892 Epis.

96 3891 172 3945 copus.

284 467 286 470 ·
319 443 379 506 314
689 468 756 504 raas
771 468 888 504 ocravn.
906 468 996 504 carus
1010 467 1042 503 111

354 594 581 659 Praesumenles
603 617 665 658 non
690 610 761 660 sunt
785 602 837 676 qui
861 599 985 660 fecerint
1008 601 1099 680 hujus
1121 602 1204 661 vetiti
1227 603 1273 661 vel
1297 621 1414 678 poenae

318 681 424 756 ignari,
440 683 546 742 saltem
560 684 617 742 nisi
631 685 798 759 ignorantia
811 684 900 744 iuerit
914 685 1052 746 affectata
1068 697 1088 744 1.
1132 718 1136 728 κ

351 773 453 837 Extra
476 796 579 839 omrem
602 777 790 841 necessitatis,
814 780 843 839 Is
868 782 962 838 aderit
989 782 1024 850 si,
1052 783 1083 838 in
1111 781 1240 858 alicujus
1265 781 1412 855 probabili

291 905 294 912 .
317 863 441 920 articulo
463 866 577 936 mortis,
601 867 749 940 parochus
772 866 847 924 nolit
869 867 915 924 vel
939 884 1000 924 non
1021 867 1114 939 possit
1129 868 1203 924 haec
1223 875 1411 924 sacramenta

317 944 397 1004 dare.
411 945 442 1003 Si
456 948 537 1005 enim
556 944 667 1028 injuste
689 952 837 1024 parochus
856 949 970 1008 abnuat
989 949 1175 1021 facultatem,
1192 951 1411 1023 praesumenda

316 1029 371 1087 erit
382 1033 535 1089 concessio
549 1032 690 1107 Episcopi
703 1034 749 1091 vel
764 1034 873 1108 Papae,
888 1044 941 1091 aut
954 1034 1047 1107 ipsius
1054 1033 1142 1111 juris.
1157 1034 1311 1105 Palmieri,
1328 1031 1411 1113 Opus

317 1108 405 1183 theol.
428 1124 464 1174 tr.
489 1133 532 1187 10,
559 1135 583 1176 s.
597 1135 625 1192 4,
648 1114 696 1177 De
717 1112 928 1187 Eneteee'stta,
955 1136 981 1177 c.
1005 1135 1033 1190 2,
1054 1136 1085 1176 n.
1099 1117 1145 1190 86,
1166 1136 1203 1176 ex
1221 1117 1342 1190 Suarea,
1362 1116 1411 1178 De

317 1191 530 1271 Sacramenta,
546 1195 574 1259 d.
588 1217 634 1276 72,
649 1219 673 1259 s.
690 1217 714 1271 1,
729 1219 760 1260 n.
775 1219 801 1275 9.

351 1275 477 1342 Clere'ce's
490 1287 545 1343 oret
557 1281 654 1344 laicis.
670 1284 770 1361 Quare
791 1303 917 1360 censura
930 1294 999 1343 sunt
1015 1285 1169 1344 immunes
1182 1285 1235 1358 qui
1250 1285 1324 1343 haec
1339 1301 1409 1343 con-

316 1363 423 1438 ferunt,
449 1369 675 1444 etiamillicite,
703 1369 848 1444 religiosis
872 1370 994 1427 alterius
1021 1368 1153 1427 Ordinis.
1179 1369 1346 1440 Praeterea,
1372 1387 1410 1426 ex

315 1451 429 1508 ratione
442 1453 658 1526 prohibitionis,
673 1454 811 1510 videntur
832 1453 869 1510 de
889 1454 924 1510 iis
947 1453 1047 1511 solum
1067 1453 1116 1527 agi
1130 1453 1244 1511 clericis
1256 1462 1310 1510 aut
1324 1453 1410 1511 laicis

314 1535 366 1608 qui
378 1536 545 1595 subduntur
564 1539 703 1612 parocho.
730 1537 810 1594 Huic
832 1556 893 1595 non
916 1539 1085 1596 subduntur
1107 1539 1224 1595 alumni
1238 1538 1408 1612 Congrega·

315 1619 404 1676 tionis
416 1629 572 1694 exemptae
577 1639 585 1692 ;
601 1622 739 1696 ipsosque
749 1623 919 1694 peregrinos
929 1622 1153 1695 aRegularibus
1165 1621 1295 1695 hospitio
1308 1638 1408 1693 recep-

315 1709 360 1758 tos
373 1703 538 1761 diceremus
553 1706 714 1777 immunes,
727 1707 783 1762 nisi
795 1707 947 1762 obstarent
956 1704 1404 1778 responsas.Congregationls.

349 1780 579 1848 Sacramentum
589 1785 752 1848 Extremae
766 1785 920 1850 Urtote'oree's
933 1791 988 1846 etet
1000 1784 1276 1868 Eteobere'ste'oepee
1284 1781 1404 1845 modurn

317 1862 439 1928 Viatici.
453 1869 533 1928 Tuto
554 1890 633 1946 ergo,
650 1873 669 1930 i.
685 1891 711 1931 e.
726 1874 791 1930 sine
804 1889 949 1929 censurae
962 1872 1102 1945 pericula,
1121 1871 1285 1944 Regulares
1297 1869 1328 1928 S.
1344 1869 1405 1927 Eu-

313 1954 485 2014 charistiam
498 1955 672 2031 dispensant
684 1965 804 2030 aegroto
816 1955 867 2029 qui
878 1955 943 2032 jam
964 1955 1081 2014 Viatico
1097 1963 1142 2013 est
1160 1953 1298 2024 reiectus,
1319 1954 1365 2010 vel
1378 1953 1406 2011 ei

313 2039 364 2112 qui
377 2040 621 2098 communicandi
642 2050 798 2114 praecepto
823 2041 959 2097 nondum
979 2040 1118 2097 astrictus
1132 2037 1205 2112 petit
1217 2037 1404 2095 communio-

313 2140 383 2180 nem
396 2141 474 2198 quae
488 2120 597 2183 Viatici
611 2125 711 2183 locum
728 2142 789 2183 non
805 2133 916 2182 teneat.

349 2211 505 2270 Praeterea
522 2214 547 2270 si
570 2214 636 2287 quis
649 2212 802 2271 Viaticum
822 2213 965 2285 sacrilege
978 2211 1150 2286 susceperit,
1165 2211 1308 2270 convenit
1326 2211 1401 2269 inter

312 2299 467 2374 scriptores
487 2301 618 2359 eundem
639 2319 725 2375 posse
749 2303 860 2359 clama
883 2301 1016 2375 quolibet
1035 2301 1188 2358 sacerdote
1207 2301 1300 2358 etiam
1320 2316 1404 2373 regu-

313 2383 377 2454 lari,
402 2385 553 2443 Viaticum
573 2387 729 2444 obtinere:
754 2404 824 2458 quo,
846 2387 910 2442 sine
931 2386 1064 2459 periculo
1085 2385 1174 2458 sigilli
1196 2383 1405 2454 consessionis,

312 2469 413 2526 divino
427 2469 535 2528 Viatici
548 2479 707 2544 praecepto
721 2469 857 2528 satisfiat.

348 2547 464 2630 Absque
487 2548 622 2612 Poroebe'
645 2550 775 2612 licentia.
802 2553 972 2612 Licentiam
1000 2555 1161 2612 concedere
1189 2559 1284 2624 potest
1309 2550 1402 2606 eriam

312 2633 488 2716 Episcopus.
513 2637 591 2695 Satis
617 2647 748 2697 ceterum
774 2648 818 2696 est
843 2640 867 2696 si
888 2639 1007 2697 licentia
1026 2637 1113 2696 iuerit
1136 2635 1292 2710 prudenter
1318 2639 1402 2706 prae·

313 2730 442 2792 sumpta.

355 2840 385 2881 a.
409 2817 578 2880 Viaticum
606 2820 845 2883 conferendum
871 2826 922 2883 est
951 2820 985 2882 ia
1014 2817 1168 2884 territorio
1191 2817 1327 2900 proprio,
1356 2816 1400 2879 ob

314 2920 413 2980 quarn
431 2900 533 2962 etiam
548 2901 713 2965 rationem
730 2904 842 2985 plures
858 2905 1100 2986 permittebant
1124 2899 1349 2984 Regularibus
1363 2907 1402 2963 ut

314 2982 393 3044 illud
410 2983 599 3065 hospitibus
616 2985 821 3049 conferrent.

357 3067 444 3131 510.
472 3070 525 3128 De
556 3070 618 3130 SS.
650 3070 872 3131 sacramenti
901 3070 1136 3147 expositione.
1167 3089 1195 3129 1.
1223 3067 1402 3146 Nequeunt

313 3149 498 3229 Regulares
514 3148 673 3230 publicam
695 3150 728 3212 e'n
755 3150 885 3213 eeclese'e's
905 3153 971 3213 suis
998 3151 1121 3228 facere,
1145 3151 1217 3212 sine
1244 3148 1402 3231 Episcopi

313 3231 460 3309 licentia,
474 3231 718 3313 expositionem
730 3233 941 3296 Sanctissimi
958 3233 1186 3297 Sacramenti.

354 3314 423 3376 Nec
440 3322 559 3376 contra
578 3315 634 3396 jus
656 3316 736 3378 illud
751 3315 909 3399 Episcopi
925 3315 1109 3399 praescribi
1135 3319 1245 3394 potest
1260 3331 1401 3375 consue·

313 3396 439 3475 tudine,
464 3397 525 3458 nisi
549 3396 636 3459 forte
668 3398 752 3460 haec
785 3399 886 3461 fuerit
911 3398 1196 3461 immemorabilis
1225 3396 1260 3460 S.
1289 3397 1331 3458 R.
1360 3394 1400 3458 C.

315 3501 351 3542 12
363 3479 437 3561 jun.
457 3485 535 3559 1658
551 3480 592 3542 ad
608 3481 671 3562 Ep.
689 3480 860 3544 Urbaniae
874 3483 979 3561 (Dece.
996 3480 1085 3544 autb.
1102 3502 1135 3544 n.
1151 3481 1236 3562 641),
1252 3484 1285 3541 et
1296 3478 1399 3541 Decr.

312 3580 388 3642 gen.
407 3584 424 3642 3
441 3581 514 3644 apr.
536 3569 610 3626 1821
630 3563 735 3642 (Dece.
753 3562 841 3626 autb.
859 3585 893 3626 n.
910 3564 1016 3641 2613).

347 3666 597 3737 Videturtamen,
612 3685 680 3724 cum
697 3668 772 3725 nihil
787 3670 824 3726 de
845 3670 934 3725 modo
953 3684 1118 3726 consensus
1130 3665 1299 3735 definiatur,
1314 3681 1416 3738 posse·

311 3752 493 3826 Episcopum
510 3775 523 3804 «
538 3752 673 3826 explicite
684 3753 730 3809 vel
744 3752 900 3827 implicite,
912 3770 1048 3826 expresse
1058 3752 1105 3809 vel
1119 3752 1206 3808 tacite
1218 3767 1399 3808 consensum

310 3836 480 3910 generalem
496 3857 509 3887 e
524 3836 604 3893 dare.
621 3834 665 3891 lta
685 3835 778 3892 Melot
791 3856 822 3894 n.
843 3851 906 3912 254,
921 3835 1049 3895 afferens
1061 3835 1164 3892 Rotas.
1180 3842 1201 3892 t.
1215 3850 1242 3908 3,
1255 3833 1275 3891 l.
1291 3850 1316 3904 1,
1330 3850 1357 3891 c.
1371 3849 1398 3902 a,

311 3938 340 3994 p.
358 3937 383 3990 1,
404 3919 608 3994 n.19.lmmo
628 3919 691 3993 ipsa
705 3918 735 3977 S.
751 3920 785 3978 C.
801 3921 865 3978 EE.
882 3931 911 3978 et
925 3921 990 3978 RR.
1010 3920 1099 3977 annis
1124 3935 1203 3992 1740.
1230 3934 1297 3992 1741
1322 3919 1400 3975 hanc

310 4005 403 4060 suasit
424 4003 551 4061 sormam
577 4021 750 4073 consensus,
769 4004 875 4061 saltem
901 4005 981 4078 quod
1003 4004 1110 4060 attinet
1138 4003 1176 4058 ad
1202 4000 1402 4075 expositiones

311 4087 373 4145 fieri
395 4088 507 4145 solitas.
531 4087 591 4145 Clr.
615 4086 756 4158 Bizzarri,
782 4083 969 4148 Colleotoeeeo
993 4107 1021 4162 p.
1047 4099 1178 4162 393-395,
1200 4095 1290 4160 atque
1309 4085 1400 4142 etiam

310 4173 340 4230 S.
355 4172 391 4228 R.
407 4171 440 4230 C.
455 4187 472 4245 3
485 4171 571 4244 april.
588 4171 667 4228 1821.

338 4375 345 4409 ¹
362 4373 519 4420 Eliorta'sse
530 4372 612 4420 etiam
623 4370 645 4418 si
658 4369 793 4418 affectata.
813 4368 869 4417 Cir.
887 4367 1051 4424 Bucceroni,
1072 4367 1154 4414 Theot.
1173 4378 1234 4412 ntor.
1252 4377 1282 4420 11,
1298 4377 1325 4423 p.
1340 4369 1397 4417 138:
1486 4385 1489 4392 ·

311 4429 594 4485 Ballerini·Palmieri,
608 4431 669 4490 Opus
678 4428 745 4475 tlteol.
757 4429 794 4474 De
804 4430 913 4478 cernaris,
929 4425 1054 4482 Genioot,
1070 4424 1151 4473 Teeot.
1163 4438 1223 4471 mor.
1237 4437 1266 4478 11,
1277 4436 1302 4469 n.
1318 4430 1368 4478 570.
