3148 5004
152 487 289 568 [4445]
351 507 388 542 nu
404 505 509 543 srnrvs
526 505 664 542 nummosi
680 505 776 542 rurrns
793 506 828 544 ar
845 508 1047 558 rnocnassrnus
1201 487 1237 550 31

149 644 217 720 ΡΡ.
244 661 317 720 xm,
336 641 514 725 pristinam
542 660 661 704 recens
688 651 935 724 recuperarunt
958 629 1138 721 unitatem,
1163 630 1249 705 reli-¹

149 727 352 808 gionemque
368 725 582 787 constituunt
597 724 649 786 sui
661 725 761 807 juriS,
783 727 835 789 cui
859 747 996 790 nomen:
1023 725 1109 788 Ordo
1125 725 1240 790 Cister-

149 809 290 871 censium·
297 806 552 889 Reformatorum
560 807 683 872 “Beatue
692 807 820 871 :Mariae
830 808 978 892 >Virginis
993 807 1167 890 defrapdn
1184 808 1207 871 ¹.
1232 865 1234 870 .

192 901 498 968 Commemoranda
523 903 626 965 etiam
659 904 793 967 videtur
817 923 941 984 magna
968 903 1164 986 reformatio
1190 904 1239 966 in·

150 989 252 1050 ducta
278 1007 306 1054 a,
320 984 506 1048 Benedicta
525 1002 573 1046 ΧΠ
589 1006 649 1069 per
665 993 775 1050 const.
793 985 920 1048 Summi
934 986 1094 1069 Magistri,
1112 1007 1151 1050 20
1163 987 1237 1069 jun.

153 1073 244 1150 1336.
1217 1084 1219 1088 ’

194 1168 244 1230 Ad
256 1167 405 1247 regulam
429 1166 465 1229 S.
482 1159 670 1243 Benedicti,
688 1171 841 1228 nontam
858 1165 972 1228 studio
988 1165 1237 1228 reformationis

151 1270 252 1330 quam
285 1249 463 1312 severioris
501 1251 624 1326 cultus,
663 1247 857 1311 referuntur
889 1250 991 1310 etiarn
1029 1247 1237 1332 Congregatio

151 1329 398 1395 Cumaldulensis
420 1333 432 1363 ²
452 1352 550 1412 quae,
568 1338 710 1393 auctore
727 1331 763 1394 S.
780 1331 969 1393 Romualdo
986 1331 1019 1412 (†
1037 1333 1139 1408 1027),
1164 1350 1237 1393 ere·

152 1413 302 1478 miticum
315 1415 493 1496 profitetur
504 1434 611 1494 genus
620 1413 755 1477 vivendi
767 1413 1236 1495 temperatumconimunibus

148 1499 316 1560 Institutis
331 1505 365 1560 et
377 1497 567 1559 obedientia
584 1497 789 1579 praestanda
805 1497 862 1559 uni
878 1496 995 1577 capiti;
1010 1504 1082 1557 tum
1100 1495 1235 1578 Congre-

145 1581 234 1662 gatio
255 1577 508 1642 Vallombrosana
521 1580 531 1614 ³
547 1600 648 1660 quam
665 1578 700 1642 S.
713 1579 863 1663 Joannes
876 1579 1082 1642 Gualbertus
1095 1578 1129 1658 (i
1144 1581 1234 1660 1073)

149 1661 297 1725 condidit
312 1683 352 1724 ea
367 1670 480 1724 mente
495 1670 533 1724 ut
556 1662 779 1743 conjungeret
796 1662 972 1741 utriusque
988 1661 1091 1738 vitae,
1115 1663 1234 1725 eremi·

120 1745 236 1807 'ticae
269 1745 405 1823 inquam
439 1756 473 1807 et
503 1743 744 1822 coenobiticae,
782 1745 970 1807 commoda.
1002 1743 1132 1823 Religio
1170 1745 1234 1807 ista

147 1827 288 1910 insignis
304 1827 364 1890 fuit
379 1827 548 1890 indelessa
564 1847 625 1890 sua
649 1846 752 1908 opera
767 1828 810 1890 ad
829 1828 1058 1908 depellendam
1077 1825 1234 1890 simonia·
1272 1887 1274 1892 .

147 1930 226 1972 carn
243 1910 352 1972 labem
368 1909 519 1972 ecclesiis
534 1911 664 1988 Italiae,
689 1909 874 1992 primaque,
892 1910 934 1972 ad
949 1929 1005 1971 res
1031 1913 1234 1990 temporales

146 1995 407 2137 cureindaspusa
422 2000 473 2055 est
490 1991 648 2073 fratribus
673 1993 834 2084 corrueras,
853 1992 974 2073 quibus
1001 1991 1113 2054 mitior
1128 1991 1235 2054 indita

147 2084 199 2137 est
239 2095 319 2157 iscrp
334 2095 402 2138 rna.

188 2170 313 2252 Rigore
336 2171 427 2233 vitae
443 2169 664 2235 celeberrima
680 2177 858 2254 praeterea
880 2177 932 2232 est
955 2168 1071 2249 religio
1089 2168 1235 2230 Carthu-

144 2273 242 2316 srana
257 2255 281 2332 ⁴,
296 2273 381 2334 quae
397 2266 432 2315 a⁰
451 2261 529 2331 1084
545 2263 720 2334 parentem
736 2253 855 2316 habuit
872 2253 908 2316 S.
922 2254 1118 2321 Brunonem
1135 2251 1233 2314 Colo·

146 2337 297 2399 niensem
328 2336 539 2419 propriisque
576 2338 706 2416 regitur
736 2335 1015 2399 Consuetudinibns
1048 2332 1234 2397 Carthasim

144 2419 295 2481 collectis
311 2430 346 2481 et
362 2419 557 2500 compositis
570 2440 591 2481 a
607 2421 724 2499 quinto
737 2418 876 2500 Majoris
901 2416 1104 2480 Carthusiae
1117 2416 1234 2480 Priore

145 2501 198 2646 cufi
224 2521 347 2564 nomen
364 2501 488 2582 Guigo.
506 2501 570 2585 Qui
588 2501 671 2563 ordo
694 2501 861 2582 gloriatur
887 2521 923 2562 se
951 2519 1133 2581 numquam
1160 2520 1235 2564 esse

84 2625 87 2630 -
143 2593 376 2649 reormatum.

185 2678 249 2742 45.
264 2701 291 2740 r.
301 2673 451 2759 Regulae
464 2678 499 2741 S.
509 2678 625 2741 Basilii
637 2685 671 2740 et
683 2678 719 2741 S.
734 2677 908 2741 Benedicti
922 2679 1083 2742 intactam
1096 2684 1235 2740 servant

144 2759 339 2822 intentionem
363 2761 443 2823 vitae
468 2761 663 2828 nonnum,
691 2780 757 2841 qua
780 2761 937 2823 monachi
965 2779 1056 2822 mere
1080 2761 1233 2840 cogitant

145 2841 380 2925 perfectiorem
397 2862 557 2906 exercere
571 2844 785 2925 religionem,¹
798 2843 819 2906 i.
837 2863 867 2905 e.
885 2842 1081 2924 evangelica
1094 2842 1233 2906 consilia

144 2925 330 3004 exprimere
342 2927 494 2989 moribus
507 2935 542 2989 et
555 2925 826 2990 conversatione.
841 2926 935 3008 Quae
951 2945 1054 3008 porro
1066 2927 1232 2988 sanctitas

67 3077 73 3084 ι
145 3007 188 3066 ab
213 3005 293 3087 ipsis
316 3010 507 3088 ponebatur
525 3009 558 3071 in
575 3011 717 3072 caritate
733 3008 756 3087 ⁵,
771 3008 891 3071 intima
903 3007 1140 3090 conjunctione
1156 3028 1233 3070 cum

145 3087 231 3164 Dec,
248 3089 406 3169 adquam
425 3093 673 3174 assequendam
689 3091 887 3173 deponenda
903 3102 977 3154 erat
1000 3090 1109 3154 omnis
1126 3091 1231 3154 seculi

144 3169 346 3243 sollicitud0,
380 3180 413 3233 et
446 3175 603 3236 absoluta
635 3177 776 3237 colenda
812 3173 1023 3236 renunciatio
1053 3193 1166 3236 rerum
1198 3180 1231 3234 et

144 3251 328 3317 affectuum
345 3245 368 3318 ⁶.
383 3256 496 3338 Quare
512 3257 686 3340 disciplina
702 3277 820 3319 eorum
838 3257 1036 3318 vertebatur
1053 3257 1232 3337 praecipue

143 3335 334 3400 obedientia
357 3337 416 3400 ⁷et
428 3341 595 3418 oratione,
621 3337 816 3401 nominatim
832 3341 906 3400 Deo
922 3338 1102 3417 psallendis
1125 3336 1232 3398 laudi-

143 3418 218 3497 bus,
233 3439 316 3500 quas
329 3420 576 3504 interrumpere
592 3424 722 3485 solebat
738 3421 901 3482 honestus
918 3420 1025 3482 labor.

185 3513 247 3572 Per
261 3511 411 3582 accidens.
436 3515 463 3579 si
489 3535 544 3578 res
573 3517 744 3600 postulare
766 3515 945 3578 videbatur
968 3517 1022 3577 vel
1042 3521 1232 3596 opportuna

143 3591 287 3657 dabatur
302 3597 448 3675 occasi0,
473 3598 662 3680 spiritualia
685 3618 751 3660 non
777 3598 1013 3660 detrectabant
1030 3597 1228 3660 ministeria.

143 3676 261 3739 Plures
276 3697 294 3739 e
307 3680 521 3742 monasteriis
537 3682 701 3763 assumpti
715 3681 972 3763 suntEpiscopi,
988 3678 1229 3742 immoSummi

142 3759 337 3839 Pontifices,
355 3770 389 3823 et
404 3763 559 3843 prodiere
575 3763 638 3827 viri
653 3763 829 3847 apostolici
845 3763 902 3844 qui
918 3784 986 3826 non
1003 3765 1112 3826 minus
1130 3762 1228 3824 mori·

143 3843 205 3904 bus
218 3862 318 3923 quam
341 3844 454 3906 verbis
476 3847 701 3928 Evangelium
718 3847 993 3910 disseminarunt.
1018 3845 1119 3908 Tales
1134 3845 1229 3908 fuere

170 4111 178 4146 ¹
190 4111 246 4158 Cir.
258 4114 346 4162 Breve
360 4115 499 4164 Paslomlis
509 4117 619 4164 Muneris
629 4131 655 4171 ¹7
667 4121 744 4164 mart.
758 4123 823 4174 1893.
838 4115 873 4162 N.
885 4115 916 4162 R.
934 4115 981 4162 Th.
991 4120 1011 4162 t.
1026 4121 1063 4173 25,
1075 4129 1102 4176 p.
1114 4120 1158 4163 256
1169 4127 1230 4174 sqq„

168 4169 246 4217 ²Cfr.
257 4171 470 4237 Hergenrbther.
483 4180 544 4225 etc„
558 4173 763 4223 Kirriaenlexiron.
777 4189 802 4221 v.
817 4173 1018 4221 dunelmensem

167 4227 246 4287 ³·Cfr.
259 4242 304 4288 op.
317 4239 363 4277 crt.
378 4243 404 4279 v.
423 4231 632 4280 Vallumbrosancr
642 4239 669 4278 et
679 4233 780 4284 Jotann
791 4246 802 4278 s
815 4232 967 4280 Grallartus.

167 4285 245 4332 ⁴Cfr.
257 4299 302 4346 op.
315 4287 362 4352 cit.¹
375 4303 400 4336 v.
413 4290 497 4337 Bruno
508 4304 552 4337 uon
561 4290 632 4340 Kd'ln.
646 4290 880 4337 Kartlnitscrard-en.

168 4341 246 4390 5Clr.
260 4345 293 4392 S„
303 4346 385 4394 Basrl.
398 4361 453 4407 reg.
466 4345 543 4394 brev.
557 4355 608 4404 157.
621 4365 673 4396 221.
686 4365 737 4397 222.
986 4377 989 4388 =

168 4399 245 4465 ⁶Cfr.
257 4403 283 4450 S.
295 4403 378 4450 Basil.
392 4418 447 4462 reg.
460 4403 513 4452 fus.
526 4409 604 4453 tract.
618 4413 641 4461 8,
653 4419 679 4452 n.
694 4414 715 4463 3,
728 4413 755 4456 et
765 4421 820 4466 reg.
833 4403 910 4455 brev.
922 4425 944 4456 a.
958 4413 1013 4463 234·

169 4458 246 4506 ⁷Clr.
258 4473 313 4521 reg.
327 4462 354 4510 S.
367 4462 521 4520 Benedicti,
534 4466 686 4524 prologum.

1289 1231 1312 1278 c
1320 1171 1412 1277 Relifiip

1287 1245 1369 1336 deiidisa.
1410 1255 1418 1264 υ

1319 1563 1411 1622 Religio

1293 1622 1441 1672 Vallemdro·

1288 1694 1359 1730 sana.

1317 2184 1410 2244 Religio

1286 2242 1429 2348 &triburia-

1288 2689 1450 2736 Batioatrias-

1287 2759 1420 2853 latr·

1316 2945 1420 2994 Intentio

1286 3003 1357 3052 vitae.

1294 3525 1325 3573 M
1327 3525 1437 3574 inistarr'a

1284 3597 1366 3632 sarira.
