3138 5014
176 449 360 528 [422-427]
476 447 478 452 ’
524 467 560 504 os
575 468 748 504 uransncmn
763 467 915 504 insaniora
1204 443 1264 508 253

214 624 245 686 4.
262 603 314 666 Ex
322 601 397 683 jure
420 601 585 680 canoniani,
614 601 696 665 nihil
720 601 832 664 obstat
850 599 929 680 quin
945 600 1089 682 majores
1112 599 1261 662 Praelati

172 687 347 747 Praelatos
364 685 539 749 interiores
563 686 693 770 possint
717 683 820 747 aalide
842 685 884 746 ab
906 683 1016 745 officio
1029 701 1205 746 removere
1228 689 1261 744 et

172 767 264 846 licite,
280 770 405 850 justam
424 769 466 832 ob
484 786 640 831 causam,
655 770 813 830 Attamen
830 767 862 829 id
886 766 1164 844 controvertitur,
1183 785 1259 828 cum

173 852 286 932 agitur
299 853 338 914 de
350 851 559 915 Praelaturis
578 850 743 914 electivis.

435 1023 632 1072 PARERGON.
657 1007 698 1074 lle
721 1005 826 1090 poenis
848 1005 1002 1074 canonicis

214 1168 303 1232 425.
329 1165 461 1247 Operae
488 1165 632 1246 pretium
656 1169 707 1227 est
730 1164 851 1226 breves
879 1165 919 1226 de
945 1161 1061 1247 poenis
1088 1163 1259 1226 canonicis

173 1250 309 1313 tradere
333 1248 509 1326 notiones3
536 1249 574 1310 de
592 1247 632 1309 iis
654 1248 852 1329 praesertim
869 1266 1013 1327 quarum
1036 1245 1192 1327 frequens
1209 1254 1259 1310 est

174 1333 302 1396 mentio
318 1333 351 1394 in
368 1331 497 1411 legibus
514 1338 546 1393 et
563 1331 675 1393 causis
687 1329 917 1411 Regularium.

216 1439 244 1478 1.
258 1418 389 1492 Poena,
404 1414 436 1476 in
450 1415 657 1491 universum,
673 1412 753 1476 dicit
765 1413 889 1476 malum
904 1411 1257 1494 quoddamphysicum

173 1499 337 1580 positivae
360 1495 588 1559 afflictationis
613 1498 666 1558 vel
682 1495 894 1577 privationis,
912 1494 1093 1575 alegitima
1110 1496 1257 1561 auctori-

173 1586 243 1642 tate
259 1585 397 1662 propter
414 1577 572 1644 delictum
590 1579 754 1658 irrogata.

214 1664 322 1725 Porro
339 1681 448 1745 poena
464 1680 550 1741 quae
574 1682 594 1723 a
617 1661 750 1742 publica
765 1659 911 1723 sumitur
925 1663 1094 1742 potestate
1109 1661 1152 1722 ad
1167 1681 1257 1725 com-

175 1765 276 1807 mune
293 1745 418 1807 bonum
436 1763 567 1825 semper
590 1743 755 1824 dirigitur.
780 1743 830 1805 Ad
846 1744 909 1805 hoc
933 1747 1046 1805 autem
1071 1744 1201 1809 confert
1223 1751 1257 1808 et

174 1834 291 1890 sontes
309 1826 433 1907 corrigi
451 1834 484 1888 et
495 1825 659 1889 vindicari
675 1827 808 1889 delicta.
827 1826 962 1908 Quare:

215 1933 245 1974 a.
269 1911 322 1972 Ex
341 1909 406 1990 fine
429 1908 631 1987 immediata,
655 1928 783 1990 poenae
806 1907 1054 1971 ecclesiasticae
1070 1908 1155 1972 aliae
1177 1916 1255 1974 sunt

173 1991 390 2069 vindicatione,
409 1991 529 2071 quibus
546 1993 726 2074 praecipue
742 1991 776 2053 in
792 1991 958 2072 publicam
972 1991 1084 2053 delicti
1096 1992 1256 2054 ultionem

173 2075 375 2152 intenditur3
393 2075 477 2136 aliae
490 2073 695 2144 medicinales
711 2093 796 2154 quae
808 2073 915 2154 magis
932 2074 973 2134 ad
990 2074 1256 2140 emendationem

173 2158 395 2239 delinquentis
412 2164 491 2219 sunt
505 2157 690 2220 ordinatae.
709 2157 783 2218 Hae
795 2164 875 2217 sunt
888 2175 1041 2217 censurae.

214 2264 244 2320 3.
270 2241 320 2304 Ad
347 2258 472 2322 poenas
494 2240 660 2302 accedunt
680 2237 926 2319 irregularitates
952 2257 992 2298 ex
1017 2235 1138 2316 delicto,
1169 2256 1255 2318 quae

173 2330 286 2387 tamen
312 2323 423 2404 potius
446 2327 535 2398 sunt,
561 2341 622 2404 pro
639 2320 807 2383 communi
824 2320 1086 2400 irregularitatis
1109 2321 1252 2400 ratione,

171 2405 398 2486 impedimenta,
431 2404 550 2486 quibus
581 2403 760 2485 impeditur
789 2403 948 2486 primario
989 2402 1144 2466 ordinum
1181 2421 1254 2467 sus·

161 2490 291 2570 cepti0,
310 2487 509 2551 secundario
523 2488 703 2550 eorundem
721 2505 814 2548 usus.

211 2574 300 2637 426.
326 2573 460 2635 Poenae
483 2569 697 2648 vendicatione,
722 2569 786 2631 nisi
801 2570 898 2650 plene
922 2569 1074 2649 luuntur,
1089 2571 1254 2634 tolluntur

171 2653 402 2734 dispensatione,
422 2673 506 2734 quae
519 2653 647 2736 justam
665 2653 815 2735 postulat
830 2670 986 2730 causam3
1004 2671 1146 2715 censurae
1161 2653 1253 2716 aufe-

171 2746 292 2800 runtur
304 2736 502 2814 absolutione,
520 2744 664 2816 suntque
688 2735 854 2798 tollendae
866 2735 894 2796 si
907 2735 1102 2816 delinquens
1118 2737 1253 2800 desierit

155 2840 244 2904 vesse
263 2826 444 2882 contumax
456 2816 494 2882 et
505 2839 689 2900 congruam
706 2818 865 2881 obtulerit
881 2817 1157 2882 satisfactionem.

212 2903 301 2967 427.
328 2903 499 2982 Utraeque
522 2903 749 2964 decernuntur
764 2905 839 2983 post
852 2900 973 2981 judicis
991 2902 1182 2982 sententiata,
1200 2904 1253 2966 vel

169 2981 235 3065 i'pso
247 2982 317 3064 jaare
332 3004 339 3045 :
357 2984 378 3045 i.
393 3004 421 3045 e.
440 2991 518 3045 sunt
523 2982 672 3063 serendae
688 2985 742 3045 vel
755 2983 835 3044 latae
846 2983 1021 3047 sententiae.

212 3066 287 3128 Non
305 3084 384 3127 raro
408 3072 533 3141 tamen,
558 3072 678 3127 contra
701 3085 740 3126 ac
765 3084 939 3144 censurae,
964 3085 1092 3147 poenae
1114 3067 1253 3132 diiudica-

171 3147 260 3217 tioae,
279 3147 380 3209 etiam
397 3167 482 3227 quae
498 3147 565 3208 sint
588 3149 677 3209 latae
692 3147 892 3223 sententiae,
910 3168 977 3210 non
993 3149 1254 3214 committuntur

171 3237 250 3293 ante
265 3229 384 3312 judicis
401 3230 676 3293 declarationem.
690 3229 824 3292 Etenim
840 3248 848 3292 z

211 3315 244 3392 a)
271 3314 412 3376 Praeter
426 3311 576 3394 positivus
597 3311 821 3394 afflictationes,
845 3331 878 3375 v.
905 3333 956 3394 gr.
985 3313 1142 3393 carceris,
1170 3334 1253 3395 quas

170 3416 268 3459 nemo
284 3399 373 3458 ultro
390 3397 470 3458 dare
486 3395 630 3476 cogitur,

212 3479 245 3560 b)
267 3479 471 3556 Privationes,
495 3477 616 3559 quibus
646 3477 847 3540 auferuntur
877 3476 987 3540 officia
1013 3480 1066 3542 vel
1092 3479 1253 3543 beneficia

165 3564 236 3644 jam
265 3562 416 3641 obtenta,
449 3562 587 3642 exigunt
613 3561 735 3642 judicis
766 3559 1026 3630 declarationem·
1045 3568 1125 3624 ante
1154 3581 1254 3643 quam

169 3665 267 3708 nemo
280 3646 378 3708 debet
393 3664 430 3708 se
446 3643 582 3728 propria
595 3643 740 3726 spoliare
756 3663 870 3721 manu,
888 3643 951 3706 nisi
966 3644 1064 3706 valde
1079 3644 1255 3729 perspicue

170 3728 378 3792 contrarium
403 3733 567 3790 caveatur
592 3725 730 3806 fierique
753 3727 858 3809 possit
874 3726 960 3789 citra
974 3727 1145 3810 propriam
1171 3729 1254 3791 inla-

170 3831 283 3876 mram.

209 3895 224 3956 I
249 3915 286 3958 sa
310 3894 461 3956 clausula
483 3912 548 3974 qua
574 3912 682 3976 poena
698 3889 830 3955 dicatur
847 3891 1051 3955 incurrendo
1065 3892 1175 3975 absque
1189 3892 1254 3956 aella

169 3915 382 4046 derideatione,
401 3975 545 4057 benigne
568 3975 707 4056 intelligi
722 3981 855 4056 potest:
872 3975 999 4055 absque
1015 3975 1081 4038 ulla
1105 3978 1254 4041 declara·

169 4060 260 4123 tione
275 4059 425 4138 criiuiniS,
443 4079 508 4122 non
525 4064 639 4121 autem
656 4059 856 4121 commissae
869 4077 996 4138 poenae
1010 4058 1032 4120 ¹.

211 4145 241 4221 c)
267 4141 490 4221 inhabilitatem
519 4141 639 4223 quibus
665 4159 823 4222 praesens
850 4139 984 4220 quidem
1012 4139 1158 4204 officium
1185 4163 1252 4206 non

170 4225 345 4304 amittitur,
375 4227 433 4288 sed
461 4225 595 4308 ineptus
623 4225 696 4305 quis
726 4223 878 4286 redditur
903 4223 946 4285 ad
972 4224 1039 4286 alia
1064 4223 1174 4287 officia
1200 4227 1253 4288 vel

169 4367 318 4375 ————-

201 4422 272 4492 rcrr.
287 4445 313 4493 s
323 4442 404 4504 Alph.
417 4446 434 4493 r.
450 4453 580 4504 1‚11.148;
595 4444 727 4504 sancho,
741 4446 767 4494 a
777 4446 859 4494 aaa
873 4446 890 4496 1.
902 4463 923 4504 2,
934 4459 959 4496 c.
972 4461 1006 4499 η,
1021 4459 1047 4494 n.
1060 4464 1098 4497 20.

1332 589 1474 637 Remooendi

1314 646 1441 694 Praedator

1315 705 1458 766 inferiores?

1339 1418 1433 1466 Poenae

1311 1477 1387 1526 notio.

1339 1920 1432 1967 Poenae

1310 1977 1470 2024 vindicatione

1310 2035 1468 2138 {eismedictna-

1330 2241 1456 2307 'Inregillo-

1309 2303 1402 2347 aetates.

1337 2575 1458 2636 Quomodo

1304 2635 1389 2692 poenae
1414 2635 1454 2682 tol·

1306 2691 1388 2738 tantur
1397 2693 1410 2740 ?

1336 2916 1456 2976 Quomodo

1300 2972 1466 3023 decernantnr?

1335 3071 1455 3131 Quomodo

1307 3132 1455 3177 committan-

1309 3191 1347 3232 tur
1362 3192 1449 3246 poenae
1462 3235 1463 3238 ,

1307 3243 1465 3292 lataesenun-

1308 3303 1361 3354 tiae,
1388 3305 1465 3351 nomi·

1306 3361 1393 3417 nolim,

1335 3442 1459 3490 Positioaa

1308 3499 1443 3559 afflictatio-

1307 3571 1355 3614 nes,

1335 3641 1460 3690 Privatio·

1306 3712 1355 3757 aas,

1336 4212 1455 4262 latrabili·

1307 4271 1380 4317 tates?
