3138 5014
170 457 353 538 [428-430]
517 479 552 515 us
568 478 741 514 ursanucnm
756 477 910 514 inremotus
1198 436 1258 514 955

168 613 207 676 iis
222 613 418 676 muneribus
435 633 521 694 quae
544 611 899 692 conjunctamhabent
916 608 1183 693 jurisdictionem
1200 609 1254 670 vel

168 696 410 760 eminentiam:
448 697 650 778 praelaturis
685 715 778 777 erga,
810 700 843 758 et
872 711 1011 758 munere
1041 691 1252 770 AssistentiS,

167 779 378 857 Definitoris;
396 799 463 842 non
476 785 590 842 autem
602 779 719 843 officiis
733 797 818 859 quae
831 797 922 840 mere
938 775 1090 839 tribuunt
1108 775 1255 856 aliquam

168 860 504 940 administrationem,
543 882 575 926 v.
614 881 667 944 gr.
706 859 956 937 Procuratoris,
988 856 1249 935 Praedicatoris,

168 943 335 1007 Lectoris.
359 946 591 1010 Privation'em
612 944 798 1008 officiorum
820 942 971 1026 sequitur
995 939 1188 1004 inhabilitas
1215 939 1256 1002 ad

168 1026 284 1090 eadem
301 1027 482 1091 obtinenda
499 1028 521 1090 ¹.

209 1108 392 1173 Iud-adililas
417 1110 460 1172 ad
476 1109 649 1192 praedicta,
675 1129 761 1190 quae
787 1109 829 1172 ad
853 1108 967 1173 futura
982 1112 1115 1171 tantum
1144 1103 1255 1169 officia
1308 1097 1468 1218 asstlfflssssssf

168 1192 221 1254 vel
237 1192 416 1274 dignitates
434 1193 621 1276 praecludit
637 1195 781 1256 aditum.
1310 1220 1334 1262 u

201 1349 243 1413 II.
261 1352 313 1413 De
330 1351 584 1416 Praelatorum
600 1359 781 1430 potestate
798 1349 1021 1413 dominativa
1038 1366 1102 1411 seu
1118 1347 1222 1427 quasi
1240 1365 1243 1370 ¹

232 1467 235 1473 ·
613 1446 811 1509 domestica

170 1595 200 1650 G.
212 1599 256 1652 De
265 1600 360 1668 Luqo,
372 1599 411 1654 De
419 1599 535 1666 iustitia
548 1604 574 1656 et
585 1603 660 1662 duro,
671 1599 696 1654 d.
708 1601 748 1665 38,
757 1615 779 1654 s,
791 1601 819 1665 2;
831 1599 1025 1663 Tamnurini
1037 1599 1077 1654 De
1086 1598 1152 1668 jura
1164 1599 1256 1656 Alla-

202 1676 270 1742 lum,
285 1676 304 1728 t.
317 1677 340 1740 2,
353 1675 377 1730 d.
391 1679 420 1730 21
432 1690 439 1743 ;
456 1681 613 1747 Rotam'us¹
630 1679 718 1734 Theoi.
736 1693 807 1736 ruor.
822 1678 910 1746 repul.
924 1678 943 1731 t.
955 1678 1009 1741 2,1.
1021 1679 1045 1739 2,
1058 1693 1081 1732 o.
1093 1681 1118 1744 1;
1136 1679 1156 1733 t.
1168 1681 1192 1741 3,
1202 1679 1220 1734 l.
1232 1681 1256 1744 2,

200 1751 239 1806 De
252 1753 318 1820 jure
336 1757 519 1824 reputariuru,
533 1772 559 1825 p.
571 1759 595 1822 6,
607 1771 629 1810 a.
641 1760 663 1822 l,
676 1773 699 1811 o.
712 1758 736 1822 3,
748 1772 774 1825 p.
787 1757 915 1821 425-435;
932 1757 1035 1820 Meloe,
1045 1756 1084 1812 De
1097 1757 1257 1823 Ordinibus,

200 1845 224 1884 o.
235 1834 265 1897 4;
276 1835 387 1902 Bouix,
401 1835 463 1900 eto,
474 1850 502 1889 n.
512 1837 559 1890 127
568 1849 575 1901 ;
584 1837 662 1900 Piae,
675 1835 958 1903 Praelectiouosjuris
968 1835 1062 1903 repul,
1071 1835 1089 1890 t.
1102 1837 1257 1904 1,288-292;

199 1913 340 1982 Anpelus
352 1928 369 1968 a
381 1915 432 1972 SS.
447 1916 555 1980 Corde,
565 1917 705 1981 Manuale,
718 1917 737 1970 t.
750 1918 772 1980 1,
784 1930 810 1984 p.
823 1915 940 1969 251-253.

209 2058 298 2122 429.
326 2061 464 2137 Duplex
491 2061 649 2124 Praelati
677 2074 838 2139 persona.
869 2057 945 2119 Hoc
976 2057 1050 2120 loco
1077 2059 1254 2122 Praelatus
1337 2050 1440 2154 Duatas

168 2139 264 2203 nobis
290 2147 432 2224 apparet
455 2161 522 2204 non
544 2148 583 2205 ut
605 2161 752 2224 persona
777 2139 911 2222 publica
933 2140 992 2202 sed
1014 2139 1200 2203 formaliter
1216 2150 1253 2204 ut
1303 2112 1416 2226 {iiiiii}
1441 2121 1467 2211 i}

168 2222 314 2304 Superior
346 2222 494 2304 familiae
530 2224 703 2307 religiosae.
739 2225 815 2308 Jam
846 2242 940 2302 veru,
977 2228 1112 2305 praeter
1134 2221 1254 2304 judicis
1306 2229 1339 2271 ‘⁸‘
1356 2220 1466 2326 Praese,

168 2305 323 2367 ordinarii
339 2326 518 2388 personam
543 2327 644 2388 quam
659 2327 761 2371 verus
784 2306 961 2368 Praelatus
978 2305 1132 2374 sustinet,
1151 2313 1203 2368 est
1219 2306 1252 2371 in
1305 2279 1467 2398 {ffipiiifssgiss

168 2388 240 2470 ipso
255 2394 293 2450 ut
308 2388 470 2470 Superiora
485 2390 605 2475 duplex
620 2391 721 2454 etiam
738 2388 973 2470 distinguenda
988 2407 1145 2470 persona.
1164 2388 1251 2452 Con·
1301 2401 1378 2458 parer.

168 2471 307 2534 siderari
320 2471 407 2535 enim
419 2480 531 2556 potest
539 2472 721 2554 formaliter
732 2479 893 2552 tanquam
911 2470 1085 2553 praefectus
1098 2470 1249 2550 sodalitii,

167 2573 288 2636 gerens
301 2556 373 2637 ejus
386 2556 464 2621 boni
478 2577 595 2620 curam
606 2579 612 2619 :
624 2555 865 2637 quodmaxime
877 2554 1022 2637 pertinet
1035 2554 1077 2617 ad
1086 2555 1251 2620 rationem

167 2637 358 2719 Superioris
375 2639 600 2718 essentialem;
615 2652 649 2702 et
665 2647 827 2720 tanquam
833 2643 933 2720 pater,
951 2636 1158 2720 prospiciens
1176 2639 1250 2702 reli·

167 2720 261 2801 gioso
276 2721 485 2802 singulorum
500 2723 601 2801 bono,
618 2723 756 2805 explens
778 2720 1016 2801 obligationem
1033 2721 1075 2783 ab
1091 2720 1251 2785 Instituta

167 2809 359 2885 susceptam
381 2804 526 2867 habendi
548 2805 738 2888 professum
756 2825 816 2888 pro
839 2804 906 2866 filio
929 2823 1072 2885 eumque
1088 2803 1250 2886 dirigendi

169 2884 210 2946 ad
232 2886 332 2947 linem
354 2886 406 2947 sui
428 2893 550 2950 status.
1050 2922 1052 2925 ·

208 2966 298 3031 430.
316 2967 343 3028 Ι.
360 2971 413 3029 De
430 2970 619 3046 Superiore
637 2979 677 3033 ut
694 2978 749 3032 est
766 2979 874 3049 caput
891 2968 1065 3033 sodalitii.
1081 2969 1158 3052 Ipsi,
1186 2991 1252 3052 qua
1327 2970 1443 3040 ‘Potestas

168 3047 237 3116 tali,
258 3048 485 3113 committitur
508 3052 615 3114 tutela
638 3051 786 3114 Instituti
802 3058 835 3114 et
858 3050 997 3134 proinde
1013 3050 1251 3118 observantiae
1305 3029 1443 3146 ,sm-2²2⁸

169 3130 345 3211 regularis.
363 3132 488 3214 Quare,
504 3134 576 3196 sive
592 3134 683 3196 solus
698 3135 770 3196 sive
782 3154 859 3196 cum
871 3133 1010 3197 consilio
1022 3136 1076 3197 vel
1091 3137 1249 3220 capitula,

168 3219 268 3296 prout
282 3220 405 3274 natura
421 3215 468 3277 rei
486 3221 525 3277 et·
536 3215 803 3280 Constitutiones
819 3217 942 3295 lerunt,

213 3317 241 3359 1.
268 3295 535 3360 Constitutiones
558 3297 690 3378 quidem
713 3319 781 3362 non
803 3299 928 3375 condit,
947 3298 1004 3360 sed
1020 3292 1118 3380 urget
1134 3319 1251 3364 earum
1325 3304 1441 3370 ‚ororna-

168 3380 417 3442 exsecutionem
433 3380 534 3443 etiam
546 3400 607 3464 per
629 3381 857 3445 ordinationes
873 3400 959 3462 quae
975 3381 1252 3448 communitatem
1309 3365 1383 3410 nones
1389 3375 1398 3416 ”

168 3483 209 3525 ex
224 3462 385 3543 religione
401 3463 563 3544 obligant.

210 3567 240 3608 2.
257 3545 356 3608 Valet
372 3545 485 3624 etiam,
511 3547 554 3610 ad
569 3545 694 3609 bonum
719 3546 881 3625 Instituti,
899 3552 1001 3608 uotum
1018 3566 1093 3609 cum
1110 3546 1252 3614 subditis
1306 3526 1465 3634 „K‘ssffss'i‘st

168 3628 333 3691 emittere.
355 3629 427 3692 Voti
437 3635 550 3692 tamen
565 3628 711 3712 religione
723 3650 791 3693 non
806 3631 1011 3694 tenebuntur
1023 3629 1087 3694 nisi
1104 3632 1159 3714 qui
1174 3629 1253 3700 illud
1308 3645 1389 3696 rituti:

168 3710 320 3775 fecerint.
338 3711 408 3774 Cfr.
423 3711 628 3789 Lehmkuhl,
645 3729 669 3792 1,
685 3735 759 3796 441.
1338 3737 1466 3786 Armenes.

209 3815 239 3874 3.
257 3793 353 3858 Bona
368 3794 581 3858 administrat
593 3796 788 3860 Monasterii
804 3802 837 3859 et
849 3796 1051 3878 temporales
1067 3795 1140 3879 ejus
1157 3801 1255 3863 curat
1307 3797 1382 3883 traria
1396 3797 1467 3844 eono-

169 3878 339 3941 rationes:
357 3877 397 3940 de
413 3897 478 3958 qua
493 3884 661 3963 potestate
677 3880 826 3942 dicemus
842 3899 877 3942 n.
892 3893 970 3958 431.
1063 3931 1066 3938 ,
1309 3868 1373 3904 rum.
1463 3947 1468 3958 ,

209 3984 239 4042 4.
270 3959 437 4043 Praecipit
465 3959 498 4023 iu
527 3962 638 4023 uirtute
673 3961 860 4027 obedientiae
888 3980 975 4043 quae
1004 3961 1047 4026 ad
1077 3961 1252 4044 religiosas
1326 3936 1464 3996 Praecepta,

168 4048 323 4125 spectant
344 4044 578 4106 observantias
593 4065 600 4122 ;
1337 4064 1428 4111 Forum

209 4144 239 4204 5.
264 4125 376 4188 Habet
385 4208 390 4219 .
392 4125 502 4207 forum
523 4124 660 4208 aliquod,
684 4149 751 4192 non
774 4127 944 4212 publicum
963 4127 1098 4209 judicis,
1119 4127 1178 4190 sed
1196 4127 1253 4190 do·
1308 4122 1465 4170 domesticum.

168 4207 355 4300 mesticnm,
383 4228 416 4270 1n
449 4229 514 4290 quo
539 4209 662 4296 recipit
691 4210 980 4276 denuntiationem
1014 4229 1100 4290 quae
1133 4210 1255 4274 dicitur

169 4308 327 4355 eaaoaeea.

198 4461 290 4520 lPiat,
304 4461 532 4523 Praeleelionrsjar.
544 4477 583 4521 rag
598 4499 603 4521 ,
621 4468 640 4511 t.
659 4470 678 4515 3,
698 4476 725 4522 p.
741 4480 795 4522 291.
