3142 5004
89 764 247 812 Procuranda

89 825 248 870 conventuri·

85 885 244 941 portatorum.

119 1095 212 1142 Poenae

89 1152 167 1212 sugas.

117 2163 167 2210 Cur
181 2168 245 2224 peru-

86 2219 158 2268 lr'urrs
165 2227 246 2282 prori-

86 2281 247 2341 sionrsriqm

86 2343 182 2398 spectent
191 2340 203 2386 i

304 408 363 472 90⁶3
669 432 737 468 enus
752 433 872 480 oursrn.
890 434 985 470 suerro
1000 436 1028 470 rv

306 564 386 646 ipsis
412 563 550 628 missum
573 571 632 627 aut
655 572 825 628 vocatum.
849 567 1025 628 Excusant
1052 573 1164 630 tamen
1189 589 1265 635 eum
1292 593 1394 654 quem

306 647 421 729 gravis
438 667 542 710 causa
554 648 595 710 ad
611 647 676 710 iter
688 648 753 710 hoc
769 647 997 730 arripiendum
1013 650 1193 732 impulerit.

346 765 377 806 2.
402 742 550 806 Praelaii
574 743 747 823 regulares
770 748 930 806 tenentur
952 764 1011 826 per
1036 765 1072 807 se
1098 745 1232 811 solliciti
1255 769 1330 812 esse
1353 753 1395 816 de

306 826 501 888 reductione
518 832 550 888 et
567 825 788 888 conversione
800 832 1045 908 apostatarum.
1062 829 1181 908 Piat,1,
1192 851 1224 913 p.
1241 839 1393 913 185.186.

306 909 406 972 Patet
440 908 530 992 ipsos
560 914 913 991 apostatae,.praeter
947 910 1186 992 obligationem
1221 916 1391 996 redeundi,

307 991 415 1055 teneri
431 991 520 1054 votis
533 999 567 1052 et
583 990 892 1056 constitutionibus.

304 1103 308 1112 ·
349 1088 438 1153 343.
458 1085 587 1148 Contra
598 1085 747 1169 fugitiuos
762 1105 823 1166 quo
839 1084 914 1148 tales
930 1093 1061 1150 nonest
1077 1109 1188 1172 poena
1202 1094 1394 1174 peculiaris.

308 1169 373 1231 Sed
390 1169 423 1233 in
440 1169 591 1262 pluribus
605 1168 799 1249 Ordinibus,
814 1176 852 1231 ut
864 1169 898 1232 in
911 1169 1083 1234 Societate
1098 1173 1191 1255 Jesu,
1202 1177 1398 1257 plectuntur

305 1257 625 1315 excourrnrrrrirotione.
816 1261 819 1269 ⁴

544 1429 740 1477 Pirascon.
765 1415 806 1479 ne
829 1413 984 1497 religiosis
1007 1413 1157 1498 dispersis

302 1581 413 1644 Bonis,
425 1581 465 1635 De
473 1579 539 1646 jure
551 1578 741 1646 Repoloriom,
754 1579 773 1633 t.
790 1581 811 1643 1,
824 1594 849 1648 p.
861 1581 884 1643 3,
902 1594 923 1633 s.
936 1581 959 1644 2,
972 1595 999 1647 p.
1012 1581 1135 1646 345-385;
1147 1583 1250 1646 maloi,
1263 1584 1301 1639 De
1314 1585 1391 1640 Ordi-

335 1659 425 1726 nibus,
440 1659 501 1721 eto,
513 1672 540 1711 n.
554 1658 663 1711 113-123
673 1670 679 1722 ;
691 1660 770 1726 Piet,
789 1660 992 1716 Pr‘oeleetioues
1000 1658 1076 1726 juris
1089 1662 1183 1729 rapot,
1194 1661 1212 1714 t.
1231 1675 1248 1726 1,
1267 1663 1391 1730 ulo-urm

335 1741 476 1809 Auqelus
488 1753 505 1792 a
518 1737 570 1793 SS.
582 1738 691 1805 corde,
703 1739 843 1803 Monunio,
861 1738 922 1802 eie,
935 1739 953 1791 t.
970 1751 987 1802 1,
1005 1752 1031 1805 p.
1049 1739 1175 1804 213-219;
1193 1743 1237 1795 De
1254 1743 1393 1813 Angelis,

334 1817 536 1874 Praedictiones
549 1816 609 1884 ior:
622 1832 720 1872 conon.
733 1818 763 1869 in
772 1817 933 1871 i.3Decret.
950 1831 976 1884 p.
996 1818 1120 1882 loe-1833
1133 1819 1296 1883 Palmierr'‚
1321 1823 1394 1891 Opus

336 1898 427 1964 theol,
450 1897 484 1949 ir.
506 1898 529 1960 9,
551 1910 574 1949 o.
597 1897 619 1958 1,
640 1909 667 1949 11,
686 1896 813 1962 271-274;
834 1898 1013 1966 Nervaque,
1038 1897 1078 1950 De
1095 1896 1161 1963 jore
1180 1900 1307 1968 praetio,
1333 1902 1395 1966 ete,

343 2145 432 2209 344.
451 2143 511 2205 Vis
527 2142 591 2204 ista
613 2141 760 2204 exterior
776 2160 842 2222 qua
865 2140 1026 2205 decedere
1051 2149 1220 2224 coguntur
1244 2145 1314 2207 suis
1336 2146 1391 2208 do-

302 2227 432 2290 miciliis
446 2224 604 2306 religiosi,
622 2225 711 2306 ipsos
728 2225 860 2305 quidem
876 2227 967 2287 nullo
987 2226 1076 2308 jure,
1100 2227 1191 2288 nullo
1214 2229 1393 2310 privilegio

301 2312 437 2392 privat;
469 2310 569 2369 talem
600 2314 713 2368 tamen
743 2310 828 2369 solet
854 2307 1013 2370 inducere
1040 2308 1274 2373 condicionem
1302 2313 1394 2375 vitae

301 2411 387 2472 quae
400 2391 586 2473 peculiares
598 2390 746 2469 postulet
758 2390 980 2470 provisiones
996 2411 1037 2452 ne
1050 2391 1224 2473 disciplina
1233 2393 1391 2474 religiosa

301 2482 401 2553 atque
425 2471 654 2534 ecclesiastica
676 2471 775 2533 nimis
799 2473 955 2534 turbetur
978 2479 1011 2535 et
1035 2481 1239 2556 pessumeat.
1263 2477 1387 2556 Quare,

301 2554 409 2618 sicubi
434 2560 510 2616 orta
537 2553 579 2615 sit
606 2553 798 2634 hujusmodi
824 2557 981 2636 procella,
1009 2555 1045 2618 S.
1071 2556 1174 2619 Sedes
1201 2564 1388 2636 opportuna

190 2717 191 2720 Ἴ
302 2638 415 2700 condit
431 2637 564 2699 decreta
581 2635 701 2715 quibus
725 2636 802 2715 quid
821 2637 908 2718 juris
931 2638 974 2699 sit
990 2646 1149 2701 accurate
1165 2637 1331 2701 definitur.
1350 2641 1389 2702 ln

301 2721 497 2783 universum
521 2737 561 2780 eo
584 2726 751 2800 spectant,
777 2725 826 2797 ut,
844 2727 1008 2800 quantum
1031 2721 1102 2782 fieri
1126 2721 1242 2804 possit,
1266 2720 1390 2785 intuto
1476 2753 1480 2756 ·

301 2805 344 2866 sit
360 2801 535 2884 disciplina
558 2800 715 2880 religiosa
732 2807 776 2876 et,
795 2801 953 2864 restituta
976 2822 1071 2884 pace,
1096 2803 1305 2866 instauretur
1320 2805 1392 2867 vita

301 2886 449 2968 perfecte
462 2884 643 2964 regularis3
658 2891 696 2944 ut
708 2882 890 2965 privilegiis
907 2887 1076 2949 nonnullis
1087 2887 1249 2966 etgratiis
1263 2889 1394 2967 possint

300 2976 334 3031 'et
364 2967 569 3050 spiritualiter
594 2965 685 3049 pasci
723 2973 756 3028 et
786 2966 995 3048 temporaliter
1021 2968 1083 3030 sibi
1115 2971 1293 3033 consulere
1327 2992 1395 3034 non

300 3053 392 3114 laeso
422 3057 502 3112 voto
528 3048 763 3132 paupertatis3
791 3049 933 3130 denique
958 3057 996 3112 ut
1026 3051 1059 3112 in
1090 3071 1147 3114 eos
1178 3053 1233 3132 qui
1260 3053 1393 3116 subtra-

301 3135 429 3197 huntur
459 3131 574 3196 ditioni
608 3131 831 3215 superiorum,
866 3135 1029 3216 ampliore
1062 3139 1203 3196 utantur
1233 3136 1393 3218 Episcopi

302 3224 483 3300 potestate.

343 3314 432 3377 345.
456 3313 508 3373 lta
529 3309 684 3394 religiosis
696 3307 808 3372 ltaliae
819 3309 992 3391 provisum
1004 3317 1055 3373 est
1067 3311 1201 3382 indulto
1219 3311 1254 3374 S.
1271 3309 1389 3373 Paeni-

302 3394 478 3457 tentiariae
494 3400 533 3457 28
545 3394 618 3475 jun.
641 3397 729 3470 1866,
744 3412 811 3453 una
828 3413 903 3455 cum
919 3394 1202 3456 declarationibus
1228 3398 1264 3456 18
1287 3392 1388 3473 april.

305 3483 381 3556 1867
398 3484 432 3539 et
451 3496 485 3539 12
502 3482 587 3557 sept.
609 3481 708 3555 18723
737 3473 860 3538 Galliae
887 3495 968 3538 vero
995 3496 1054 3558 per
1079 3478 1181 3539 Decr.
1200 3475 1235 3540 S.
1257 3475 1296 3540 C.
1315 3476 1388 3538 ΕΕ.

302 3568 335 3622 et
352 3561 424 3622 RR.
443 3581 481 3638 30
493 3559 555 3640 jul.
578 3562 667 3620 1881.
1221 3575 1224 3580 ’

343 3642 530 3722 Praecipua
547 3639 659 3721 capita
675 3639 759 3701 haec
776 3639 845 3701 fere
861 3645 963 3703 sunt:

347 3747 374 3788 1.
393 3725 565 3806 Quantum
589 3722 661 3784 fieri
684 3727 806 3802 potest,
833 3721 1038 3803 recipiantur
1062 3723 1095 3784 in
1119 3722 1222 3785 alium
1246 3743 1390 3786 conven-

304 3814 388 3868 tum.
420 3806 524 3868 Secus
552 3806 757 3867 conveniant
782 3805 813 3866 in
837 3805 983 3884 aliquam
1007 3804 1142 3868 domum
1166 3826 1186 3866 a
1211 3806 1392 3888 Superiore

304 3889 525 3968 designatam,
552 3887 672 3967 ibique,
699 3886 788 3966 quod
810 3887 882 3949 fieri
909 3892 1033 3968 potest,
1063 3889 1214 3969 regulam
1243 3895 1393 3953 servent.

302 3973 346 4036 Et
376 3972 403 4033 si
430 3976 499 4032 tres
538 3972 658 4032 saltem
685 3969 729 4032 ibi
756 3969 937 4048 adfuerint,
976 3971 1103 4032 habere
1141 3970 1265 4033 debent
1296 3990 1394 4033 suum

302 4055 505 4136 peculiarem
530 4053 746 4134 Superiorem
771 4053 884 4131 (Decr.
913 4058 1002 4133 1867,
1027 4061 1092 4115 art.
1121 4075 1147 4116 1.
1172 4055 1216 4132 2).

344 4139 521 4219 Responso
552 4143 664 4198 autem
695 4155 730 4196 12
759 4143 845 4215 sept.
878 4141 966 4215 1872,
985 4137 1120 4198 eaedem
1147 4137 1266 4198 domus
1294 4142 1393 4216 atque

303 4221 464 4283 ecclesiae
488 4219 722 4301 jurisdictione
749 4218 920 4280 Ordinarii
947 4219 1139 4280 declaratae
1154 4225 1234 4280 sunt
1261 4224 1299 4281 ut
1314 4225 1392 4280 ante

303 4303 477 4365 immunes
503 4301 574 4364 cir.
591 4309 624 4363 et
641 4302 675 4364 S.
695 4300 733 4365 C.
756 4301 829 4363 ΕΕ.
858 4307 891 4362 et
914 4301 986 4364 RR.
1005 4306 1044 4364 26
1061 4308 1161 4365 mart.
1182 4307 1272 4383 1897.
1289 4301 1391 4364 Morzi·

302 4392 375 4464 tore,
389 4403 422 4464 x,
440 4393 467 4464 1',
485 4405 517 4466 p.
538 4406 607 4448 122.
