3134 5016
143 442 324 523 [519-522]
355 465 392 500 nu
407 465 499 500 sncnrs
515 465 688 501 ninistrans
704 467 738 502 nx
754 466 912 502 rornsrnrn
928 467 1076 502 nauseare
1171 444 1231 507 327

75 601 83 608 ’
142 609 365 670 communem,
390 596 490 658 etiam
515 595 687 678 dispensare
709 597 742 660 in
765 597 823 659 eis.
851 598 1044 662 Communis
1064 599 1230 660 sententia

142 680 290 771 postulat
305 686 343 741 ut
355 678 421 740 sint
433 679 476 740 ab
489 679 657 761 Episcopo
672 681 849 762 approbati
865 699 926 763 pro
943 679 1228 757 confessionibus,

142 762 304 904 permittit
320 781 402 824 vero
425 768 463 823 ut
485 763 549 824 hac
575 762 737 825 facultate
764 771 905 838 utantur
921 763 1023 825 etiam
1039 769 1135 824 extra
1152 782 1230 824 con·

155 863 332 910 essionem.

177 935 316 992 Facultas
330 933 536 996 commutandi
548 947 671 995 constat·
684 956 719 994 ex
739 936 773 996 C.
795 907 876 996 Inter
889 939 1004 1006 ceteros,
1019 935 1035 1016 ξ
1048 953 1092 1012 29,
1106 936 1177 1010 Julii
1196 953 1229 1006 11,

141 1006 209 1064 data
223 1007 383 1064 Canonicis
398 1007 596 1080 Regularibus
609 1020 639 1067 et
657 1009 691 1067 C.
707 1006 807 1070 Plura
819 1006 898 1068 inter
910 1009 1021 1066 Leonis
1035 1015 1078 1066 xri
1091 1025 1232 1064 concessa

141 1076 279 1135 Societati
293 1079 379 1152 Jesu3
394 1077 588 1163 dispensandi
600 1099 669 1138 vero
683 1083 754 1138 satis
767 1081 843 1137 bene
856 1080 1077 1136 demonstratur
1089 1097 1125 1135 ex
1136 1079 1231 1151 priore

141 1150 266 1207 Constit.
283 1164 312 1207 et
325 1151 359 1208 C.
374 1147 444 1212 Etsi
462 1167 482 1208 o
501 1149 629 1211 Summo
648 1151 664 1228 ἓ
688 1169 725 1226 40
744 1152 855 1210 Leonis
871 1168 901 1209 x.
927 1150 1062 1208 Dubium
1076 1151 1181 1207 dehac
1200 1168 1231 1207 re

141 1221 192 1278 cfr.
207 1221 283 1291 Fiat,
300 1239 331 1290 rr,
349 1239 378 1296 p.
392 1239 522 1298 332·333·

182 1302 278 1388 Quod
304 1307 331 1370 si
357 1307 481 1371 luerint
505 1307 685 1390 juramento
712 1309 905 1389 confirmato,
933 1327 973 1369 ea
1003 1309 1190 1368 commutare
1220 1305 1229 1332 ¹

142 1387 357 1452 nihilominus
411 1389 531 1454 ossunt
560 1411 601 1453 ex
635 1391 673 1454 C.
711 1391 805 1453 Decet
846 1391 1022 1453 Romanum
1051 1386 1231 1468 Pontificem

139 1492 160 1550 3
178 1471 256 1533 maii
275 1491 362 1554 1575,
382 1412 536 1554 dregorii
553 1490 627 1537 xm.

182 1577 213 1632 4.
230 1555 267 1614 Iu
289 1553 395 1616 ordine
416 1556 458 1617 ad
474 1557 639 1637 petendum
662 1556 807 1635 debitum,
833 1553 1029 1618 confessarii
1057 1553 1230 1634 regulares

144 1634 340 1714 dispensare
363 1645 526 1718 possunt:

185 1721 217 1794 a)
240 1717 277 1778 ln
299 1717 448 1796 affinitate
470 1725 625 1782 contractu
652 1720 694 1782 ob
721 1721 885 1800 incestum
914 1718 1129 1780 commissum
1156 1723 1231 1798 post

145 1797 271 1861 factum
295 1798 501 1881 conjugium.
519 1803 583 1878 lta,
601 1822 642 1864 ex
657 1803 794 1865 oraculo
809 1803 886 1886 Julii
902 1818 927 1863 11
943 1801 974 1863 in
992 1801 1136 1881 gratiam
1149 1801 1232 1862 Fra·

144 1888 235 1942 trum
251 1881 431 1961 Minorum,
449 1885 548 1964 quod,
567 1904 643 1945 cum
661 1884 699 1947 C.
716 1885 1000 1947 Paenitentiarius
1017 1884 1126 1964 Major
1146 1883 1232 1944 lece·

143 1964 188 2025 rit
208 1965 453 2043 authenticum,
478 1986 543 2028 non
568 1975 619 2029 est
642 1974 836 2030 revocatum
866 1967 939 2046 (cfr.
964 1984 1067 2046 supra
1092 1985 1125 2026 n.
1141 1968 1231 2043 359).

147 2044 216 2107 Cir.
235 2045 321 2124 Piat,
339 2064 375 2125 11,
395 2069 427 2130 p.
445 2069 593 2129 344·345.

187 2129 220 2205 b)
251 2130 289 2191 In
315 2135 383 2190 voto
412 2131 563 2192 castitalis
589 2133 631 2192 ab
653 2131 761 2192 altero
788 2138 921 2192 tantum
950 2129 1131 2210 conjugum
1158 2134 1234 2209 post

145 2210 394 2274 matrimonium
411 2212 513 2276 facte.
537 2215 611 2276 Non
635 2219 687 2283 est
703 2215 790 2275 enim
807 2212 959 2293 perfectae
975 2210 1151 2285 castitatis,
1173 2230 1232 2271 nec

147 2294 242 2373 proin
273 2302 497 2358 reservatum.
536 2296 633 2378 Quod
666 2295 694 2357 si
730 2305 809 2357 ante
839 2293 1093 2356 matrimonium
1133 2291 1233 2354 fuerit

144 2375 314 2453 emissum,
350 2397 418 2438 non
441 2378 539 2458 pauci
570 2377 739 2440 affirmant
769 2375 979 2458 privilegium
1002 2375 1231 2454 Regularium,

133 2457 233 2548 'quod
250 2463 362 2520 tamen
385 2461 491 2522 solido
513 2468 715 2542 argumento
739 2481 803 2523 non
820 2459 978 2521 videntur
994 2457 1137 2520 efficere.
1162 2456 1231 2519 Clr.

146 2539 233 2617 Pet.
250 2557 287 2618 11.
305 2563 377 2624 343·
395 2564 467 2625 344·
508 2603 510 2612 .
744 2625 761 2636 ,,

183 2623 228 2686 Ν.
241 2624 283 2686 Β.
301 2625 423 2689 Utrum
439 2645 544 2688 necne
567 2627 762 2690 confessarii
776 2626 960 2706 regulares,
975 2625 1016 2686 ad
1030 2621 1233 2684 exercendas

144 2703 204 2764 has
235 2705 424 2776 facultates,
455 2729 539 2791 opus
563 2709 712 2772 habeant
739 2709 959 2790 Superiorum
991 2706 1137 2783 licentia,
1167 2723 1234 2767 non

143 2786 276 2850 videtur·
292 2799 460 2868 constare,
478 2791 525 2852 ait
541 2792 705 2870 Mantiane,
723 2810 755 2870 x,
779 2813 803 2866 1,
823 2811 854 2872 p.
877 2797 944 2870 189.

161 2871 274 2932 Ι620.
305 2875 357 2930 De
387 2876 557 2933 Extrema
588 2878 776 2937 Unctione.
806 2875 881 2934 Huc
910 2874 1050 2935 redeunt
1078 2871 1166 2932 dicta
1194 2869 1234 2930 de

146 2947 290 3010 Viatico.
310 2951 380 3013 Clr.
398 2973 432 3012 n.
450 2969 527 3028 5⁰9-

188 3030 274 3092 521.
309 3035 361 3092 De
391 3035 634 3095 Matrimonio.
668 3036 864 3115 Regulares,
899 3057 964 3097 non
996 3035 1105 3095 minus
1133 3054 1233 3113 quam

146 3112 339 3174 sacerdotes
352 3115 533 3190 seculares,
549 3134 632 3195 opus
648 3117 773 3180 habent
786 3117 996 3196 delegatione
1010 3117 1081 3178 sive
1095 3118 1234 3196 parochi

146 3194 270 3275 proprii
286 3197 484 3258 alterutrius
500 3216 713 3277 sponsorum,
731 3201 802 3261 sive
823 3201 992 3279 Episcopi,
1012 3208 1049 3260 ut
1062 3199 1163 3274 licite,
1182 3199 1235 3259 vel

146 3276 241 3352 ade0,
270 3277 303 3340 in
330 3279 412 3339 locis
440 3279 496 3341 ubi
519 3280 610 3358 viget
640 3282 741 3343 Decr.
775 3281 917 3357 Tametsi,
943 3282 1052 3343 valide
1079 3280 1235 3341 intersint

145 3358 358 3421 matrimonio
375 3368 535 3440 tanquam
552 3368 684 3423 testes«
703 3364 965 3426 authorizabrles
984 3391 1012 3426 ».

189 3442 276 3507 522.
303 3446 356 3502 De
369 3446 476 3519 justis
504 3446 726 3508 funebribus.
757 3448 942 3527 Regulares
979 3445 1103 3507 habent
1134 3446 1235 3505 etiam

142 3522 193 3602 jos
216 3522 390 3604 funerandi
419 3534 584 3606 quotquot
605 3527 753 3589 seculares
775 3530 808 3590 in
826 3530 973 3610 ipsorum
993 3528 1141 3590 ecclesiis
1158 3527 1235 3606 legi·

147 3606 225 3667 time
252 3607 414 3688 elegerint
437 3610 657 3690 sepulturam.
675 3611 778 3686 ¹Unde
801 3619 834 3673 et
861 3613 1035 3690 exsequias
1061 3627 1233 3690 peragere,

147 3694 180 3747 et
195 3707 328 3769 corpus,
347 3711 413 3752 non
436 3692 568 3770 quidem
591 3693 798 3775 sollemniter
813 3695 871 3754 sed
892 3714 967 3754 cum
984 3694 1071 3755 stola
1086 3700 1119 3754 et
1137 3711 1236 3753 cruce

147 3778 346 3846 conventus,
365 3773 398 3834 in
415 3775 654 3836 coemeterium
672 3776 801 3837 deferre
818 3785 971 3856 possunt.
989 3776 1064 3858 Quo
1081 3795 1175 3851 casu,
1194 3775 1236 3835 ad

146 3853 331 3932 parochum
347 3864 477 3936 spectat
499 3856 555 3938 jus
581 3858 712 3920 levandi
740 3878 862 3938 corpus
878 3859 1030 3937 idemque
1046 3857 1236 3919 associandi

146 3953 251 4013 usque
267 3938 309 3998 ad
325 3938 501 4000 ecclesiam
514 3943 718 4020 regularem,
739 3950 772 4002 et
796 3941 855 4021 ipsi
873 3941 1032 4020 competit
1049 3948 1142 4002 certa
1157 3959 1235 4020 pars

148 4015 247 4104 (quae
259 4022 500 4083 consuetudine
516 4023 687 4100 delinitur)
704 4024 1006 4084 emolumentorum
1029 4042 1115 4102 quae
1136 4025 1236 4083 obve-

149 4103 244 4157 niunt
267 4103 428 4165 ecclesiae
457 4106 650 4168 tumulanti.
679 4107 772 4167 Haec
796 4104 917 4167 dicitur
938 4111 1049 4185 quarta
1074 4103 1235 4166 funebris.

150 4176 219 4240 Cfr.
235 4179 321 4258 Piat,
338 4185 571 4266 Praelectiones,
591 4198 657 4252 etc.
676 4205 712 4265 11,
730 4209 763 4269 p.
781 4193 931 4268 306·'328.

181 4387 262 4452 1Νοςι
273 4388 356 4452 semel
367 4389 476 4446 negavit
488 4392 515 4439 S.
529 4393 560 4440 C.
580 4392 663 4450 Prop.
677 4391 700 4438 F
701 4389 739 4438 id.
752 4389 883 4438 facultate
894 4389 922 4437 in
933 4393 997 4437 vota
1007 4389 1144 4439 contineri
1158 4388 1239 4438 facul·

151 4448 233 4492 tatem
244 4459 272 4492 ru
281 4455 445 4504 juramenta.
464 4447 520 4495 Clr.
534 4449 680 4496 collectanea
691 4462 718 4497 n.
733 4455 868 4505 1183·1184.
882 4455 948 4496 2085.
961 4456 1029 4506 2087.

1314 1302 1383 1364 Quid,
1403 1303 1426 1348 si

1279 1363 1415 1421 juramento

1285 1417 1425 1478 confirmata
1434 1416 1448 1462 ἓ

1316 1553 1348 1601 In
1366 1554 1447 1601 ordine

1285 1612 1318 1659 ad
1330 1612 1447 1670 petendum

1287 1670 1396 1718 debitum.

1315 2868 1352 2914 De
1361 2868 1449 2914 Exin.

1288 2937 1328 2972 ma
1341 2925 1435 2972 Unctio-

1289 2999 1324 3032 ne.

1310 3057 1448 3123 De'Mntri-

1289 3128 1377 3162 monio.

1307 3472 1345 3518 De
1350 3471 1404 3531 jure
1411 3470 1451 3532 su-

1290 3529 1399 3576 uerendi.
