3148 5004
313 455 374 520 106
603 479 670 514 eins
686 479 807 527 quaeri.
825 477 921 514 suerio
936 478 954 513 1.
972 477 1062 513 cirui-
1077 479 1108 513 iii

99 619 259 736 tillidi?
355 599 453 695 Quod
475 612 518 676 ad
540 612 800 696 Congregctiones
822 611 994 695 religiosas,
1019 631 1136 674 recens
1161 612 1199 675 C.
1217 613 1368 679 Conditrie
1382 639 1402 680 α

102 736 141 782 nis
168 733 260 794 reugio-
313 693 450 762 Christo.
468 715 498 758 c.
516 717 545 772 2,
564 717 597 758 n.
619 717 645 772 1,
664 695 786 757 diserte
812 695 877 757 hoc
903 715 1006 758 unum
1033 696 1151 757 tribuit
1177 696 1346 779 Episcopo
1366 709 1403 762 ut

97 806 145 842 sar.
314 780 465 859 exploret
481 798 521 840 ex
536 777 647 840 officio
667 779 875 840 voluntatem
901 778 1087 860 puellarum
1114 785 1193 840 ante
1218 782 1401 864 suscipien-

314 861 393 924 dum
409 861 562 924 habitum
579 868 613 923 et
629 869 708 923 ante
723 859 967 944 professionem
983 860 1182 924 faciendam.

356 943 435 1006 Sive
461 950 574 1006 autem
603 943 727 1005 fuerint
743 942 905 1006 moniales
920 942 1054 1024 proprie
1070 944 1155 1006 tales
1170 943 1242 1006 sive
1264 965 1401 1010 sorores

316 1024 597 1107 Congregationis
625 1026 814 1106 religiosae,
843 1027 886 1088 ab
911 1025 1080 1109 Episcopo
1107 1026 1181 1108 cogi
1204 1047 1263 1109 per
1285 1047 1322 1091 se
1344 1049 1401 1092 ne·

111 1165 114 1173 .
174 1179 178 1188 ,
238 1179 243 1189 ,
314 1117 440 1190 queunt
457 1116 495 1170 ut
511 1109 637 1172 invitae
652 1107 814 1171 novitiam
831 1109 1007 1190 recipiant.

104 1177 259 1284 ,gfflm'l
358 1191 446 1258 177.
476 1192 573 1275 Quod
603 1192 645 1254 ad
675 1193 847 1254 Instituta
882 1193 1104 1266 dioecesana,
1134 1192 1178 1255 C.-
1203 1193 1353 1256 Conditcie
1380 1215 1400 1256 c

104 1293 253 1342 dioecesanis.
314 1272 521 1346 chierici,
535 1295 569 1338 n.
584 1296 614 1356 7,
628 1275 712 1337 haec
726 1274 845 1337 habet:
861 1274 1045 1356 «Ejusdem
1058 1274 1122 1338 erit
1135 1275 1316 1359 (Episcopi)
1329 1277 1402 1338 illas

313 1359 441 1440 puellas
457 1365 610 1439 petentes
626 1357 780 1420 habitum
797 1363 831 1419 et
848 1357 887 1420 de
904 1376 998 1419 more
1013 1359 1190 1439 explorare
1205 1365 1249 1435 et,
1274 1358 1356 1420 nihil
1373 1359 1399 1421 si

313 1438 438 1518 obstet,
455 1439 645 1503 admittere.
662 1467 676 1496 »
699 1440 847 1517 Scilicet,
871 1439 960 1520 quod
982 1440 1023 1505 ad
1047 1442 1112 1504 hoc
1135 1460 1238 1520 genus
1259 1441 1397 1503 institu-

313 1526 438 1600 torum,
456 1523 562 1585 simile
581 1523 637 1604 jus
660 1530 711 1585 est
733 1522 892 1605 Episcopi
915 1524 1003 1603 quod
1021 1523 1057 1586 S.
1074 1523 1227 1586 Pontifici
1241 1521 1398 1606 ascripsi·

315 1624 389 1673 mus
406 1606 438 1666 in
455 1605 598 1668 Ordines
614 1613 647 1667 et
666 1604 955 1686 Congregationes
971 1622 991 1666 a
1007 1624 1043 1668 se
1059 1608 1214 1686 probata.
1472 1685 1474 1688 ι

268 1712 272 1721 ·
355 1687 390 1749 Si
407 1695 522 1750 tamen
538 1688 728 1770 Episcopus
743 1687 940 1770 approbarit
958 1694 1087 1751 statuta
1103 1688 1236 1768 quibus,
1261 1695 1403 1770 excepto

308 1768 385 1849 jure
409 1771 603 1850 explorandi
621 1773 845 1848 voluntatem,
860 1771 1025 1852 integram
1041 1771 1231 1852 permiserit
1246 1771 1402 1852 Superio-

313 1851 406 1914 ribus
429 1853 599 1934 optionem
622 1853 819 1917 admittendi
846 1853 1056 1929 candidatos,
1076 1854 1157 1936 jam,
1183 1860 1299 1915 nostra
1326 1873 1401 1916 sen-

312 1934 431 2012 tentia,
460 1935 621 1998 instituto
646 1936 749 1999 fuerit
766 1936 824 2017 jus
849 1936 1033 2016 quaesitum,
1058 1937 1146 2014 quod
1168 1936 1211 1999 ab
1233 1937 1402 2018 Episcopo

313 2016 450 2098 infringi
473 2021 601 2098 nequit.
620 2018 868 2082 Confirmamur
891 2020 964 2099 ipsa
987 2019 1025 2082 C.
1049 2017 1201 2082 Conditce
1221 2041 1240 2080 a
1264 2018 1402 2099 Christo,

312 2118 343 2164 c.
363 2123 390 2179 1,
408 2121 442 2183 n.
459 2106 490 2180 8,
508 2102 585 2181 fine,
603 2101 659 2164 ubi
675 2103 715 2164 de
730 2101 934 2184 expellendis
950 2101 1105 2164 alumnis.

392 2289 408 2377 ξ
435 2305 471 2362 2.
497 2281 566 2361 De
592 2280 843 2388 obligatione
869 2279 1121 2360 adrrcittercrli
1148 2279 1313 2388 dignos,

557 2405 789 2510 repellendi
815 2405 957 2486 rrcc'rrrcs
985 2405 1152 2487 c'clcrcccs

129 2606 219 2678 cem,
237 2614 258 2656 et
338 2641 340 2646 -
357 2591 444 2658 178.
464 2615 492 2655 1.
511 2589 676 2654 Praelatics
699 2589 783 2652 debet
804 2612 841 2652 cx
857 2589 956 2669 officio
978 2591 1130 2653 consulere
1152 2591 1226 2653 bono
1246 2590 1397 2654 Instituti.

100 2667 258 2768 fctrcouigci
312 2676 425 2757 Quare
448 2680 541 2736 certo
564 2680 683 2756 peccat
699 2673 726 2736 is
749 2673 805 2752 qui
828 2676 938 2736 sciens
953 2674 1070 2736 volens
1091 2674 1198 2755 recipit
1221 2672 1398 2753 indignum,

110 2737 181 2772 '‘m'‘
312 2759 355 2819 ob
382 2756 619 2819 detrimentum
647 2757 735 2836 quod
761 2756 838 2818 inde
864 2757 986 2836 accipit
1009 2756 1153 2836 Religio.
1177 2759 1288 2837 Atque
1314 2757 1400 2820 idem

311 2840 489 2902 dicendum
513 2839 656 2906 videtur,
689 2838 732 2900 ob
763 2839 887 2900 bonum
918 2859 985 2919 quo
1015 2839 1175 2902 Ordinem
1206 2841 1328 2921 privat,
1360 2840 1400 2902 de

311 2921 463 3004 rejiciente
477 2919 611 3001 aliquem
634 2921 689 3000 qui
712 2922 917 2982 convenienter
938 2927 966 2982 et
987 2917 1104 2982 utiliter
1119 2921 1250 2984 admitti
1269 2931 1402 3004 poterat

120 3000 256 3062 ‚Ergareu-
312 3005 345 3068 in
363 3004 584 3084 Religionem.

95 3071 197 3116 mm·
345 3089 528 3150 Peccatum
541 3085 619 3147 illud
628 3086 830 3147 adversatur
842 3085 903 3166 ipsi
909 3083 1065 3166 justitiae,
1076 3088 1130 3146 vel
1143 3087 1400 3169 certereligiorri,

312 3171 345 3240 in
376 3189 486 3250 quam,
511 3176 548 3230 ut
574 3168 727 3230 altiorem
744 3168 915 3246 virtutem,
940 3187 1007 3228 non
1029 3187 1118 3244 raro,
1137 3187 1213 3231 cum
1229 3173 1343 3250 agitur
1361 3171 1401 3231 de

312 3248 416 3317 causa
445 3250 704 3332 Religiosorum,
736 3252 947 3313 convertitur
977 3249 1138 3329 obligatio
1165 3270 1251 3330 quae
1278 3269 1337 3329 per
1363 3267 1399 3309 se

312 3337 399 3399 foret
418 3335 582 3417 justitiae.

353 3417 496 3482 Perinde
523 3437 562 3479 ac
590 3417 630 3477 de
656 3416 827 3493 Praelato,
844 3413 881 3475 de
903 3413 976 3476 aliis
1001 3414 1176 3475 dicendum
1204 3419 1255 3472 est
1279 3411 1401 3491 quibus

312 3522 348 3562 ex
373 3499 473 3578 officio
489 3499 665 3580 provincia
681 3497 746 3560 ista
762 3509 814 3559 est
832 3496 1021 3559 commissa.

313 3639 315 3646 .
354 3583 389 3645 Si
406 3602 488 3644 vero
505 3583 544 3643 de
556 3580 697 3641 uniuerso
713 3600 857 3660 quaeras
871 3575 1015 3660 capitale,
1029 3576 1077 3636 ita
1089 3580 1125 3633 ut
1138 3573 1288 3651 generali
1305 3574 1403 3653 quasi

312 3663 473 3744 suffragio
504 3683 558 3726 res
587 3662 779 3738 deliniatur,
812 3660 1008 3740 suffragium
1029 3655 1128 3717 istud
1163 3656 1324 3738 competit
1360 3675 1403 3720 ex

312 3747 488 3829 privilegio
513 3743 624 3827 potius
652 3765 752 3825 quam
776 3765 816 3807 ex
844 3760 995 3806 munere.
1020 3739 1134 3818 Quare
1157 3742 1239 3828 tunc
1268 3743 1402 3801 tantum

313 3831 544 3892 committetur
557 3827 690 3909 injuria,
705 3830 731 3891 si
749 3827 874 3908 indigni
891 3821 1048 3885 admissio
1066 3828 1292 3909 prospiciatur
1309 3821 1401 3914 dam·

312 3932 396 3974 nosa
434 3910 678 3989 communitati,
718 3913 814 3994 cujus
843 3911 899 3991 jus
926 3922 966 3964 ne
993 3902 1233 3964 detrimentum
1256 3905 1401 3987 accipiat

312 3997 376 4056 hoc
395 3995 494 4057 modo
509 3993 692 4057 invaditur.
968 4060 1013 4074 ..
1077 4061 1082 4072 ,

100 4083 168 4140 Erga
179 4078 259 4127 sanct
354 4099 384 4140 2.
401 4078 572 4140 Adversus
584 4078 693 4159 ipsum
707 4073 908 4139 candidatum
921 4083 974 4146 qui
988 4070 1164 4153 sineUJusta
1178 4084 1283 4130 causa
1296 4070 1402 4146 repel-

100 4142 189 4188 ΜΗ*
312 4160 545 4240 litur,videtur
558 4167 688 4222 tantum
702 4156 865 4222 committi
879 4153 997 4213 contra
1006 4150 1176 4224 caritatem,
1188 4150 1252 4210 etsi
1265 4151 1400 4228 quidam

307 4243 365 4324 jus
389 4243 523 4325 aliquod
540 4243 569 4305 ei
586 4243 751 4319 tribuunt,
772 4243 932 4317 tanquam
960 4225 1168 4321 Christifflffli
1192 4227 1402 4321 ingrediendi

312 4327 533 4407 Religionem,
548 4346 624 4388 cum
638 4325 782 4387 facultas
795 4309 989 4400 capessendi
1002 4311 1092 4402 hunc
1105 4316 1231 4371 statum
1250 4329 1283 4372 in
1302 4310 1400 4376 bonis

313 4410 548 4471 communibus
571 4408 787 4490 Reipublicae
811 4397 1016 4465 christianae
1038 4393 1193 4453 videatur
1216 4410 1290 4455 esse
1313 4395 1400 4458 refe-
