3138 5014
355 474 415 537 Μ
740 499 807 536 rans
823 499 916 536 suxrn.
925 497 1025 536 emur
1038 499 1058 535 11

355 633 435 698 dicti
450 652 518 715 xlv,
537 637 686 719 Quamvis
701 637 798 720 justa,
827 661 865 719 30
881 639 977 722 april.
999 658 1088 720 1749,
1113 641 1146 700 et
1164 635 1202 699 C.
1231 635 1293 699 SS.
1320 633 1444 697 Leonis

354 719 415 800 Pp.
432 735 504 794 xiii,
523 719 673 783 Conditaa
684 742 707 798 a¹
718 720 854 784 Christo.
1123 763 1125 766 -
1304 749 1307 754 ¹

153 814 301 874 Quibusnam
396 824 426 864 2.
453 802 536 864 Cum
563 805 679 867 variae
709 805 850 867 istorum
881 803 1119 867 Institutorum
1146 803 1266 865 domus
1294 801 1381 864 inter
1407 819 1443 860 se

140 874 299 990 magt·
355 884 618 965 conjungantur,
635 887 836 965 admittitur,
854 895 990 968 praeter
1007 886 1274 969 Superiorissam
1289 886 1440 970 localem,

278 966 284 978 '
353 967 548 1030 Moderatra'x
572 969 743 1048 Generalis
768 969 987 1032 Assislania'bns
1013 971 1150 1052 stipata.
1179 965 1336 1031 Rariores
1364 973 1442 1028 sunt

354 1049 579 1130 Sarpera'ora'ssae
593 1053 813 1132 Provinciam,
832 1074 872 1116 ac
889 1052 1008 1116 divisio
1031 1053 1064 1116 in
1089 1052 1284 1116 Provincias
1310 1050 1346 1113 S.
1365 1049 1441 1112 Sedi

354 1140 563 1197 reservatur.

168 1237 298 1286 Delusa·
395 1238 425 1296 3.
457 1217 600 1299 Quando
629 1219 694 1280 ista
723 1217 883 1281 Instituta
918 1219 1199 1300 complectuntur,
1232 1215 1294 1278 sub
1326 1214 1441 1277 iisdem

141 1298 269 1398 rutulam·
354 1299 663 1370 constitutionibus,
692 1304 784 1364 viros
800 1310 833 1363 et
851 1320 997 1378 sorores
1019 1302 1044 1364 1i
1068 1306 1101 1362 et
1124 1301 1152 1362 αἱ
1168 1299 1304 1362 Ordinis
1320 1297 1439 1375 instar,

134 1367 298 1469 sgss'ssffiwffiu
353 1382 449 1444 subdi
466 1401 623 1464 supremo
650 1384 800 1446 Praesidi
814 1383 1096 1464 Congregationis
1113 1382 1265 1445 virorum
1283 1381 1441 1442 mulieres

140 1471 255 1516 aaoran.
353 1474 431 1527 sunt
447 1465 578 1543 solitae,
608 1467 711 1539 immo
737 1487 804 1529 non
828 1487 907 1529 raro
932 1465 1052 1547 prioris
1069 1464 1219 1527 Instituti
1236 1463 1441 1547 participare

353 1549 599 1630 exemptionem
616 1550 658 1610 ab
675 1549 832 1632 Episcopi
856 1549 1074 1612 auctoritate.
1092 1547 1143 1609 Ab
1161 1547 1225 1609 hoc
1241 1557 1354 1608 tamen
1371 1565 1440 1608 ser·

352 1636 479 1691 vantur
496 1630 675 1694 facultates
691 1652 775 1713 quas
793 1633 830 1696 C.
847 1631 1082 1695 Tridentinum
1106 1631 1139 1693 in
1162 1629 1326 1693 Moniales
1343 1629 1440 1712 Epis-

353 1713 445 1793 copis
463 1712 643 1793 delegavit.

168 1813 298 1880 aaran·
395 1796 491 1878 Quod
521 1796 547 1856 si
579 1796 621 1859 ab
659 1797 750 1859 omni
786 1797 937 1861 virorum
972 1795 1243 1878 Congregatione
1281 1799 1436 1876 separata

142 1875 204 1976 ,ἓξὲξ
235 1875 298 1929 ..pa
353 1876 478 1940 fuerint
504 1878 675 1959 Instituta,
703 1881 856 1960 singulae
886 1882 1005 1943 domus
1045 1897 1258 1942 communem
1283 1877 1436 1960 Episcopi

207 1965 212 1976 '
352 1961 416 2022 loci
447 1967 480 2022 et
511 1962 651 2043 parochi
681 1965 830 2025 sentiunt
845 1961 1107 2045 jurisdictionem.
1131 1964 1305 2042 Integrum
1327 1968 1438 2021 tamen

351 2051 401 2104 est
417 2043 585 2126 Episcopo
607 2046 783 2109 instituere
805 2045 1017 2129 Capelianum,
1043 2046 1228 2125 eidemque,
1246 2045 1274 2105 si
1290 2045 1338 2105 ita
1354 2043 1439 2104 ferat

352 2127 561 2190 consuetudo
584 2129 692 2208 qualis
708 2129 741 2190 in
765 2128 890 2193 nostris
906 2138 957 2190 est
981 2128 1187 2208 regionibus,
1204 2127 1306 2189 etiam
1334 2126 1438 2188 invito

272 2228 275 2234 ’
351 2210 513 2290 paroch0,
541 2211 749 2291 parochialia
775 2213 889 2274 munia
918 2212 951 2274 in
982 2210 1240 2274 conservatoria
1271 2207 1435 2272 conferre.

352 2291 422 2356 Cir.
437 2313 525 2377 resp.
540 2294 575 2356 S.
594 2295 700 2375 Cong.
719 2293 823 2358 Cone.
847 2317 886 2358 22
909 2294 975 2357 feb.
996 2298 1086 2373 1865.
1106 2293 1245 2356 Seclusa
1261 2311 1345 2355 vero
1361 2311 1438 2354 con-

351 2377 539 2453 suetudine,
553 2377 742 2459 Episcopus
759 2399 826 2440 non
843 2378 988 2455 videtur,
1014 2383 1134 2438 contra
1157 2384 1259 2456 atque
1282 2381 1439 2439 autumat

351 2457 471 2536 Bouix,
500 2477 536 2536 11,
565 2478 596 2540 p.
622 2466 694 2538 348.
720 2481 790 2542 349,
816 2479 914 2540 posse
937 2459 1229 2522 conservatorium
1252 2477 1272 2518 a
1298 2456 1439 2536 parochi

346 2541 580 2620 jurisdictione
610 2542 767 2604 eximere.
802 2541 870 2605 Cir.
901 2542 988 2605 idem
1022 2560 1235 2624 responsum;
1266 2539 1435 2613 Ferraris,

245 2623 248 2628 ’
350 2638 384 2685 ν.
401 2621 586 2702 Capelianus
600 2623 800 2704 Maniab'am,
818 2645 851 2687 n.
873 2631 927 2702 183
946 2625 1077 2704 Lucidi,
1097 2625 1118 2686 l.
1135 2643 1163 2687 c.
1179 2643 1211 2686 u.
1225 2639 1301 2703 4593
1321 2618 1435 2681 Crais-

350 2705 714 2787 son,0p.ch.cap.9.

150 2787 317 2855 sannas?
391 2788 480 2853 457.
515 2791 680 2852 Potestas
711 2791 991 2869 Superiorissae.
1022 2813 1049 2854 1.
1082 2787 1332 2870 Superiorissae
1362 2805 1437 2847 eam

136 2858 295 2959 ᾗῇζῃζξξῇζῗ
349 2877 507 2946 exercent
523 2875 704 2953 potestatam
725 2873 950 2937 dominativum
973 2893 1073 2953 quam
1095 2871 1296 2952 agnovimus
1325 2867 1436 2932 Abba·

287 2947 294 2960 ’
350 2952 440 3015 tissis
461 2954 667 3034 monialium,
692 2977 753 3019 nec
767 2957 889 3020 debent
905 2958 944 3020 de
956 2956 1133 3038 temporali
1146 2952 1436 3018 administratione

349 3055 409 3118 per
431 3055 466 3099 se
490 3038 532 3100 ad
547 3038 750 3122 Episcopum
774 3039 913 3102 referre.
933 3038 1002 3102 Clr.
1020 3039 1109 3102 dicta
1126 3059 1159 3102 n.
1175 3037 1391 3118 385.Diserte
1416 3054 1436 3095 a

350 3118 389 3182 C.
406 3119 558 3182 Condataa
579 3143 599 3184 a
623 3121 746 3185 Christo
763 3122 842 3204 ipsis
865 3122 1067 3185 addicuntur
1091 3123 1264 3203 cooptatio
1280 3117 1436 3181 candida-

349 3207 473 3283 tarum,
487 3204 645 3267 admissio
658 3204 699 3267 ad
713 3206 866 3269 habitum
880 3210 912 3268 et
924 3203 1178 3288 professionem,
1189 3199 1436 3266 administratio

348 3285 513 3349 bonorum
529 3289 583 3350 vel
597 3290 778 3352 redituum.

164 3380 290 3449 aamam's-
390 3370 509 3432 Modus
522 3390 587 3451 quo
604 3371 797 3453 temporalis
813 3370 1062 3434 administratio
1077 3369 1179 3432 variis
1197 3365 1435 3453 Superiorissis

131 3443 224 3556 Ξζξζζῇς
242 3445 294 3486 '‘m·
349 3458 382 3514 et
398 3454 591 3517 oeconomis
608 3454 840 3517 committatur
856 3460 889 3516 et
902 3473 985 3535 quae
1002 3452 1069 3515 sint
1084 3451 1272 3516 reddendae
1288 3450 1435 3514 rationes

229 3534 233 3546 '
348 3541 508 3598 accurate
521 3536 677 3599 definitur
690 3537 722 3600 in
745 3536 1044 3600 constitutionibus
1056 3536 1080 3599 ².
1094 3534 1245 3618 Praecipi
1259 3531 1436 3596 consuevit

347 3623 385 3679 ut
407 3619 508 3681 tertio
531 3638 663 3698 quoque
685 3640 774 3682 anno
797 3626 906 3682 status
930 3618 1124 3701 temporalis
1149 3615 1433 3698 Congregationis

348 3701 505 3762 mittatur
528 3703 781 3781 cognoscendus
809 3703 852 3765 ad
879 3703 915 3766 S.
941 3702 1048 3783 Cong.
1066 3703 1130 3785 Ep.
1158 3708 1192 3766 et
1217 3701 1337 3781 Regul.
1362 3697 1433 3762 Cf.

347 3783 425 3844 Acta
442 3782 535 3846 Cone.
552 3786 659 3848 Ama.
677 3784 733 3848 lat.
752 3806 786 3848 n.
805 3805 877 3866 335.

151 3887 292 3948 spiramus
388 3887 419 3929 2.
458 3865 648 3947 Spiritualis
682 3874 795 3931 autem
823 3868 990 3932 institutio
1026 3886 1086 3929 seu
1116 3865 1257 3929 directio
1283 3885 1304 3928 a
1328 3864 1435 3946 Supe-

134 3946 243 3995 nancta.
348 3946 486 4011 riorissa
503 3949 627 4032 suscipi
650 3953 766 4032 nequit
789 3952 852 4015 nisi
875 3953 964 4015 intra
978 3950 1062 4014 fines
1085 3948 1212 4012 decreti
1228 3947 1435 4032 Quenaadmo·

346 4029 433 4096 dnm.
451 4031 521 4096 Cir.
540 4032 638 4112 infra,
656 4041 752 4116 parte
769 4056 798 4116 7,
816 4055 845 4099 c.
863 4055 894 4116 7.

374 4288 558 4349 lapudinaue
574 4289 611 4336 des
628 4291 733 4338 Saiences
751 4291 826 4340 eccia's.
846 4296 864 4339 t.
884 4309 919 4349 11,
932 4305 959 4351 p.
980 4299 1022 4348 273
1041 4305 1114 4352 sqq.,
1132 4291 1175 4339 vel
1193 4289 1331 4348 Craisson,
1349 4303 1394 4350 op.
1408 4303 1433 4339 c.

346 4362 372 4396 n.
385 4363 436 4404 217.
447 4365 499 4397 221.

373 4417 450 4466 acfr.
463 4432 488 4466 v.
501 4433 539 4479 gr.
552 4419 720 4476 Battandier,
734 4433 760 4468 n.
774 4437 816 4478 244
838 4437 888 4479 249.
902 4427 953 4478 276.
967 4437 1017 4478 291.
1031 4437 1080 4478 294.
1095 4423 1146 4478 295.
1161 4426 1211 4467 ³03.
