3148 5004
174 419 262 500 [5-8]
333 437 490 473 passarus
506 437 645 472 nesterosr
661 435 795 480 nortona,
813 436 950 472 enarretis
965 437 1000 472 nr
1016 437 1090 472 ottru
1237 414 1256 475 5

203 573 286 630 Neve
299 574 381 630 dicas
394 589 560 644 repugnare
576 580 609 625 ut
622 572 688 642 quis
702 571 814 627 invitus
832 581 970 627 teneatur
984 569 1170 644 perfectionis
1183 566 1266 627 obti-'

166 661 295 732 gatione.
311 659 464 729 Namque,
488 656 651 729 quominus
666 657 695 712 id
714 652 845 714 absolute
863 658 1051 727 concedatur,
1075 657 1173 714 obstat
1189 656 1255 731 jam

166 744 291 816 antiqua
315 741 473 812 disciplina
498 740 676 808 oblatorum,
705 741 753 798 de.
772 759 832 815 qua
865 740 951 808 infra,
979 743 1066 816 cujus
1098 741 1255 813 vestigium

167 840 291 902 apparet
309 825 468 881 incelebri
488 823 596 880 effato:
612 825 824 881 «Monachum
846 840 896 882 aut
913 838 1035 898 patema
1056 827 1184 894 devoti0,
1204 838 1257 883 aut

167 912 285 985 propria
296 906 439 982 professio
450 905 519 963 lacit
531 919 550 963 ¹.
566 929 579 957 »
593 907 757 972 Praeterea.
772 926 946 976 consensus,
961 911 985 966 si
999 911 1065 983 quis
1080 910 1254 982 requiratur,

168 1011 229 1048 non
245 1006 288 1047 est
303 988 468 1046 necessario
488 1005 577 1044 causa
593 989 738 1060 proxima,
754 991 805 1046 sed
821 992 897 1063 erigi
912 1003 1008 1064 potest
1028 1006 1170 1064 tanquam
1186 1009 1256 1047 con·

167 1077 245 1132 dicio
261 1075 305 1130 uel
320 1090 409 1129 causa
422 1083 545 1129 remota.
562 1070 607 1128 Ita
621 1089 694 1128 uxor
706 1091 783 1145 quae
807 1075 914 1130 annuit
934 1075 996 1132 viro
1016 1075 1127 1131 volenti
1140 1075 1256 1147 religio·

169 1180 238 1218 nem
254 1158 392 1232 profiteri,
417 1157 505 1213 simul
530 1175 566 1214 ex
588 1157 653 1229 lege
673 1159 872 1215 ecclesiastica
895 1157 1011 1232 cogitur
1030 1161 1103 1232 ipsa,
1128 1177 1180 1231 pro
1202 1177 1256 1216 sua

168 1256 274 1314 aetate,
287 1244 332 1299 vel
344 1241 530 1315 Religionem
543 1243 667 1314 ingredi,
679 1243 724 1298 vel
736 1243 841 1298 saltem
853 1243 884 1298 in
896 1245 997 1300 seculo
1006 1257 1108 1300 votum
1122 1243 1256 1300 emittere

167 1329 366 1386 continentiae
385 1337 405 1383 ².
427 1326 466 1382 Et
488 1345 591 1382 nonne
611 1327 780 1382 verisimilis
795 1329 943 1384 sententia
963 1327 1020 1400 legi
1040 1327 1256 1384 ecclesiasticae

167 1415 285 1470 ascribit
310 1413 477 1484 proximam
510 1428 633 1467 causam
661 1429 714 1466 cur
744 1413 939 1484 suscipientes
971 1414 1106 1469 ordinem
1137 1430 1254 1468 sacrum

119 1494 125 1502 ’
164 1509 324 1555 teneantur
344 1496 487 1552 castitatis
501 1493 648 1566 perfectae
661 1495 864 1568 obligatione?

206 1585 243 1649 7.
257 1583 343 1646 Cum
361 1601 443 1642 vero
467 1582 606 1663 propria
621 1584 798 1644 voluntate
816 1583 987 1645 inducitur
1009 1583 1156 1645 servitus
1181 1603 1255 1664 per·

166 1666 337 1742 fectionis,
350 1684 455 1809 {qutsa
469 1664 532 1725 erit
545 1669 658 1732 vorum,
675 1663 772 1744 idque
782 1669 971 1746 perpetuum,
987 1686 1028 1728 ne
1045 1667 1255 1730 desideretur

166 1757 279 1812 status
296 1754 348 1809 sta
374 1768 382 1808 t
398 1768 406 1808 1
425 1766 475 1809 as.

203 1841 381 1900 Ultroneum
398 1840 480 1896 enim
497 1840 651 1895 vinculum
665 1857 725 1895 una
739 1841 847 1896 texitur
862 1844 1071 1913 promissione.
1086 1843 1170 1918 Quae
1190 1861 1255 1915 pro-

165 1925 268 1982 missio
280 1924 328 1980 bic
341 1939 462 1979 necesse
470 1933 515 1977 est
529 1934 561 1976 ut
571 1920 623 1977 fiat
635 1921 713 1978 Deo:
729 1932 793 1978 tum
813 1925 883 1996 quia
898 1943 958 1981 non
979 1938 1100 1998 apparet
1111 1945 1163 1983 cur
1173 1925 1256 1983 lieret

165 2009 293 2077 homini,
309 2025 390 2076 cum,
407 2007 431 2061 si
445 2007 549 2061 demas
562 2006 773 2075 obedientiam,
790 2005 915 2066 alterius
930 2004 1061 2067 horrrirtr's
1071 2011 1179 2065 directe
1193 2026 1254 2064 non

163 2092 280 2148 intersit
292 2093 331 2147 ab
343 2092 437 2146 altero
452 2089 561 2146 servari
575 2091 699 2146 consilia
718 2091 904 2163 virginitatis,
921 2093 1111 2164 paupertatis
1132 2102 1198 2156 etc,
1214 2091 1255 2146 ita

167 2189 197 2232 ut
209 2177 275 2248 ipsa
285 2175 428 2246 obligatio
438 2173 553 2230 defectu
564 2191 672 2230 causae
684 2177 777 2232 seriae
789 2177 953 2232 maximam
966 2187 1080 2249 partem
1091 2189 1252 2244 corrueret;

164 2272 230 2317 tum
256 2260 327 2332 quia
350 2259 506 2331 promissio
533 2260 650 2316 homini
673 2259 750 2316 sacta
772 2261 883 2333 aliquid
908 2259 981 2316 soret
1002 2258 1169 2332 profanum,
1195 2277 1254 2332 quo

166 2355 263 2400 status
286 2360 321 2399 ex
343 2353 404 2398 toto
427 2359 517 2412 sacer,
537 2344 555 2400 i.
577 2362 603 2400 e.
626 2344 823 2416 perfectionis,
842 2365 901 2401 non
926 2346 1042 2402 videtur
1062 2344 1143 2418 gigni
1157 2362 1252 2418 posse.

168 2427 231 2486 cfr.
247 2427 398 2496 Palmieti,
413 2427 431 2482 l.
447 2445 462 2482 c
486 2447 516 2485 n.
535 2429 578 2486 18.

207 2516 243 2578 8.
267 2513 325 2575 ΙΙΙ.
348 2512 466 2592 Itaque
481 2514 546 2577 hac
570 2513 666 2592 quasi
683 2521 764 2576 nota
787 2515 968 2594 insignitur
992 2521 1101 2577 status
1125 2514 1252 2596 perlec-

165 2595 277 2672 tionis,
295 2596 383 2676 quod
400 2596 474 2674 quis
491 2595 523 2656 in
541 2596 673 2673 publico
693 2623 705 2651 «
724 2604 830 2658 totam
847 2597 952 2659 vitant
969 2618 1064 2660 suam
1081 2604 1163 2659 voto
1178 2600 1252 2661 Deo

164 2678 327 2754 obligavit
344 2685 381 2739 ut
396 2678 429 2739 in
446 2678 604 2760 operibus
621 2678 837 2758 perfectionis
854 2681 882 2742 ei
901 2682 1070 2743 deserviat
1088 2681 1111 2743 ³.

205 2762 313 2824 Porro
335 2761 495 2840 obligatio
511 2762 577 2822 ista
592 2761 714 2842 duplici
738 2763 922 2824 intentione
945 2764 1101 2825 contrahi
1125 2769 1249 2845 potest,

163 2846 217 2905 vel
231 2863 271 2905 ex
284 2843 355 2937 ipso
367 2843 602 2924 adipiscendae
615 2844 829 2924 perfectionis
843 2847 965 2924 studi0,
976 2849 1079 2908 velex
1091 2852 1251 2928 suscepta

164 2945 246 2988 cura
261 2945 463 2988 animarum.

204 3009 302 3070 Prior
324 3017 375 3070 est
399 3008 541 3071 intentio
574 3006 802 3091 religiosorurrr,
829 3009 885 3090 qui
912 3031 972 3091 per
996 3011 1063 3072 tria
1086 3017 1250 3093 perpetua

162 3098 244 3152 vota
271 3092 382 3172 palam
408 3091 611 3171 profitentur
633 3111 669 3152 se
695 3093 862 3154 stabiliter
886 3094 1039 3155 addictos
1067 3094 1249 3166 sectandae

163 3173 360 3254 perfectioni
385 3173 518 3235 divinae
534 3175 704 3250 caritatis3
733 3177 841 3237 altera
868 3184 919 3236 est
945 3178 1161 3257 episcoporum,
1181 3175 1247 3254 qui,

162 3258 241 3318 dum
256 3265 512 3329 consecrantur,
524 3255 556 3317 in
571 3268 768 3336 perpetuam
781 3259 996 3319 consentiunt
1009 3258 1248 3336 obligationem

162 3357 236 3398 sese
263 3338 474 3418 impendendi
502 3339 535 3399 in
562 3341 702 3400 salutem
731 3339 792 3400 sibi
810 3339 978 3400 commissi
995 3340 1119 3418 gregis,
1149 3338 1195 3399 ita
1212 3345 1249 3399 ut

163 3419 399 3482 devinciantur
411 3440 493 3481 suae
507 3421 669 3483 ecclesiae
683 3423 817 3482 vinculo
830 3421 1014 3501 spiritualis
1032 3420 1247 3497 matrimonii,

162 3522 221 3583 per
246 3523 282 3564 se
311 3503 546 3564 indissolubilis
563 3513 596 3566 et
620 3505 855 3584 quadantenus
882 3503 954 3584 ipso
977 3504 1105 3565 carnali
1133 3502 1249 3564 matri·

162 3583 276 3646 monio
293 3584 443 3646 fortioris
459 3587 482 3647 ⁴.

202 3668 335 3749 Duplex
350 3687 391 3728 ex
407 3668 459 3729 his
472 3668 651 3730 efflorescit
665 3676 775 3730 status
792 3667 1020 3749 perfectionis,
1038 3667 1125 3729 alter
1143 3668 1249 3750 passi-

161 3769 236 3826 vus
262 3769 320 3811 seu
340 3749 533 3831 perfectionis
549 3751 761 3831 acquirendae,
788 3753 873 3812 alter
888 3750 1005 3811 activus
1032 3761 1065 3811 et
1087 3749 1249 3814 illumina-

161 3831 241 3893 tivus
267 3851 327 3893 seu
348 3830 546 3913 perfectionis
573 3831 861 3899 commoturum
889 3834 976 3894 aller
1003 3853 1069 3912 quo
1100 3834 1174 3913 quis
1199 3851 1250 3896 est

152 3912 351 3994 perfectiouis
366 3914 533 3994 studiosus,
553 3917 638 3977 alter
654 3935 719 3996 quo
735 3915 809 3996 quis
826 3916 862 3977 fit
881 3941 894 3970 «
908 3913 1060 3995 perfector
1080 3941 1108 3978 ».

189 4095 243 4143 10.
256 4107 299 4148 xx.
312 4109 338 4155 q.
354 4113 375 4151 1,
389 4110 413 4143 c.
428 4105 450 4150 3,
464 4095 642 4143 Monachum.

188 4155 199 4190 ἕ
215 4154 245 4200 C.
268 4154 421 4209 Praeterea,
435 4171 442 4200 1
452 4167 457 4209 ;
481 4155 551 4202 Cum
562 4153 608 4208 sis,
626 4165 655 4209 4:
677 4151 719 4199 Ad
739 4150 1184 4211 Apostolicum,13;Significasti,
1208 4160 1248 4199 18:

159 4211 198 4258 Dr
208 4211 366 4258 Contursrorrr
376 4212 563 4269 Conjugulortrm
574 4219 622 4268 (ιιι.
637 4216 682 4267 32).

188 4270 200 4304 ³
214 4270 241 4316 S.
254 4267 383 4325 Thomas,
395 4282 489 4328 opusc.
502 4269 539 4315 De
547 4268 685 4329 perfectione
695 4271 758 4314 oilae
768 4270 847 4326 spirit.
862 4281 887 4314 c.
903 4274 937 4314 15.

188 4330 199 4362 ⁴
215 4325 264 4374 Vis
279 4327 359 4374 istius
376 4326 479 4374 vinculi
501 4326 662 4386 exprimitur
678 4339 702 4374 c.
723 4327 798 4374 Inter
813 4324 977 4384 corporalia,
999 4340 1023 4373 2.
1042 4325 1079 4371 De
1091 4323 1250 4391 translatione

159 4386 259 4446 episcopi
269 4389 307 4444 (ιι.
321 4399 352 4444 7).

1338 1573 1386 1618 Per
1411 1575 1467 1630 pro-

1304 1629 1469 1690 priamvoltm-

1310 1695 1388 1737 leuem.

1334 2742 1427 2800 Duplex

1304 2798 1465 2866 sputuspersec·

1306 2865 1379 2904 tionis
1402 2893 1404 2898 .

1331 2997 1464 3051 Religioso·

1304 3069 1365 3111 rum,
1383 3057 1464 3114 passi·

1304 3127 1355 3167 vrrs,

1333 3254 1458 3311 Episcopo·

1304 3325 1355 3356 rum
1370 3310 1456 3355 illumi·

1304 3370 1409 3416 nativus.
