3148 5004
143 1151 264 1210 Quomodo

113 1216 167 1258 vota
194 1208 259 1270 diffe-

113 1273 171 1314 root

114 1379 227 1438 Tempore
235 1392 244 1431 ,·

112 1556 239 1616 Exemplo

697 443 764 479 PARS
778 443 914 480 SECUNDA.
931 444 1022 480 CAPUT
1036 445 1057 480 11

604 611 619 700 ᾗ
647 625 685 682 2.
720 601 791 683 Va
793 602 984 683 oo'eloso'o
983 602 1132 684 oo‘vols

327 791 522 861 Pelliaarr'us
535 794 667 852 Moaoole
679 794 863 862 copulationi,
878 793 912 847 tr.
924 796 948 858 4,
962 809 984 848 c.
998 796 1020 848 l.

577 947 604 1008 Ι.
622 949 791 1011 Varietas
814 951 876 1012 illa
899 951 935 1010 in
959 951 1169 1011 universum

369 1115 436 1179 Vot
424 1123 458 1179 ta
474 1138 559 1198 quae
576 1119 836 1201 nuncupantur
829 1141 860 1182 tn
875 1120 1091 1214 religionibus
1105 1119 1287 1184 differuntt
1250 1125 1415 1202 ttemporo,

328 1219 464 1278 altmaro,
474 1201 594 1283 formo,
612 1221 665 1263 cui
682 1221 741 1284 per
757 1222 792 1264 se
809 1203 1025 1285 conjungitut
1049 1203 1229 1266 discrimen
1246 1201 1328 1284 effect
1330 1225 1415 1267 ouon.

370 1287 432 1349 81
459 1287 524 1347 Pro
549 1284 647 1366 spotoo
672 1285 825 1429 momoria,
849 1295 929 1348 vota
955 1292 1034 1348 sunt
1053 1290 1199 1380 perpetuo
1225 1292 1317 1348 velt
1305 1292 1416 1367 ΐ-οοιρο

326 1367 414 1428 torio
419 1387 551 1448 ,neque
567 1387 672 1430 urium
687 1376 738 1429 est
756 1369 931 1449 utriusque
947 1371 1080 1449 generis
1097 1377 1413 1450 temperamentum.

327 1449 504 1530 Namque:

368 1535 432 1627 al)
436 1555 455 1595 n
476 1532 643 1616 plerisque
667 1534 849 1597 Ordinibus
865 1555 981 1617 presse
997 1534 1131 1603 talibus,
1151 1554 1179 1596 st
1171 1532 1268 1595 'de''
1249 1552 1288 1594 ns
1302 1532 1414 1613 agitur

327 1617 382 1697 qui
410 1618 516 1678 choro
543 1620 596 1678 vel
623 1617 822 1680 clericorum
845 1619 962 1682 officiis
985 1617 1199 1696 addicuntur,
1217 1614 1320 1678 omnio
1334 1623 1415 1678 vota

327 1707 406 1761 sunt
415 1704 585 1781 perpetuo

368 1781 446 1860 blln
429 1781 652 1862 ncongregat
639 1783 786 1845 tionibus
802 1784 869 1845 late
882 1788 995 1865 sumpt
998 1783 1036 1860 is,
1051 1803 1110 1844 ooo
1122 1802 1186 1844 sun
1190 1781 1415 1862 tquandoqtie

326 1865 387 1926 noso
402 1871 483 1926 vota
498 1870 576 1926 corto
592 1865 733 1946 temporis
748 1866 828 1947 spot'
815 1887 846 1928 oo
861 1865 1045 1945 definito
969 1872 1061 1943 o,ut
1049 1865 1230 1928 tvidimus
1246 1864 1379 1927 Puellas
1396 1885 1416 1925 a

329 1946 480 2009 Caritate
496 1968 610 2010 annuo
627 1956 759 2011 tanturn
777 1969 817 2010 ne
820 1969 865 2010 xu
882 1950 1002 2011 teneri.

367 2031 452 2108 c)ln
469 2031 542 2092 aliis
560 2031 752 2112 Congregat
739 2031 897 2107 tionibus,
915 2037 985 2093 uoto
1008 2030 1194 2110 temporario
1209 2029 1292 2092 vo'oot
1302 2033 1416 2109 poront

324 2111 438 2175 adt
389 2119 458 2176 voto
477 2112 634 2194 perpetum
661 2114 731 2176 sive
737 2120 838 2196 ,post
861 2113 1055 2207 quaedam
1047 2133 1080 2174 tn
1085 2114 1238 2190 ervalla,
1256 2133 1323 2174 non
1333 2132 1415 2193 per

326 2196 504 2258 mittantur
513 2197 583 2278 jam
602 2198 664 2259 nisi
677 2205 758 2259 vota
774 2208 948 2280 perpetua,
964 2197 1034 2258 sive
1047 2203 1104 2277 opt
1108 2196 1139 2258 io
1093 2197 1252 2257 tdetur
1264 2195 1414 2277 superio·

326 2279 418 2342 ribus
441 2285 501 2341 aut
524 2281 646 2342 subdit
623 2288 678 2358 tm,
703 2288 740 2342 ut
744 2301 860 2343 rorum
888 2287 946 2342 vot
949 2300 1045 2342 orum
1074 2279 1188 2341 videat
1176 2285 1232 2340 tur
1262 2277 1415 2340 facienda

325 2361 545 2443 nuncupatio,

360 2469 452 2527 Porro
464 2471 538 2526 haec
553 2481 596 2526 est
618 2472 716 2544 potius
735 2472 891 2545 disciplina
905 2472 1070 2528 recentium
1084 2469 1369 2542 Congregationum,
1382 2476 1415 2523 ut

324 2553 440 2609 alumni
452 2554 532 2625 prius
545 2555 575 2610 in
587 2566 701 2610 certum
713 2565 833 2628 tempus
846 2553 957 2611 faciant
971 2565 1040 2610 vota
1053 2571 1130 2627 quae
1144 2553 1224 2623 dein,
1237 2552 1413 2608 adveniente

235 2702 241 2713 x
323 2638 380 2708 die,
397 2637 546 2695 firmanda
564 2640 623 2695 sint
647 2640 844 2712 promissione
869 2650 1020 2712 perpetua,
1042 2637 1097 2707 Ita,
1122 2637 1152 2694 in
1176 2636 1414 2710 Congregatione

324 2719 515 2777 Immaculati
546 2722 650 2779 Cordis
676 2723 711 2781 B.
740 2723 782 2780 M.
808 2723 847 2782 V.
876 2723 1011 2780 instituta
1034 2723 1065 2778 in
1089 2721 1278 2790 Scheutveld,
1304 2721 1414 2794 priores

323 2807 549 2862 constitutiones
563 2805 628 2879 (art.
646 2811 673 2883 5)
690 2809 872 2866 inducebant
886 2821 955 2864 vota
970 2809 1067 2879 primo
1082 2808 1329 2880 quinquennalia,
1345 2807 1413 2863 dein

322 2891 507 2962 decennalia,
522 2911 599 2964 quae
612 2893 750 2966 denique,
768 2895 792 2950 si
806 2893 1005 2966 superioribus
1018 2901 1047 2948 et
1068 2892 1193 2948 subditis
1212 2893 1302 2949 simul
1317 2893 1413 2965 place·
1490 2949 1493 2958 ,

322 2986 376 3046 ret,
403 2989 545 3050 perpetua
568 2975 631 3033 fieri
659 2983 811 3048 valerent3
834 2980 907 3035 dum
928 2996 1019 3048 nunc,
1039 2996 1077 3034 ex
1103 2995 1162 3050 quo
1186 2989 1195 3017 1
1215 2976 1413 3050 Congregatio

325 3082 338 3110 «
362 3059 548 3117 definitivam
564 3083 577 3112 »
592 3073 752 3117 consecuta
766 3073 809 3118 est
821 3063 1079 3134 approbationem,
1094 3072 1163 3117 vota
1176 3061 1414 3134 quinquennalia

323 3145 521 3200 necessariam
547 3145 659 3200 habent
680 3144 716 3200 iis
733 3146 784 3219 qui
804 3146 834 3200 in
857 3145 1095 3216 Congregatione
1115 3162 1302 3217 perseverare
1321 3144 1414 3201 velint

323 3237 352 3284 et
365 3228 464 3284 idonei
477 3228 660 3301 reperiantur
673 3231 892 3285 successionem
907 3240 1044 3285 votorum
1056 3240 1278 3301 perpetuorum.

364 3331 427 3393 82.
445 3328 586 3392 Omissis
603 3329 770 3390 Institutis
787 3348 872 3409 quae
889 3336 1008 3391 carent
1023 3329 1135 3409 aliquo
1150 3336 1232 3390 voto
1255 3328 1412 3390 substan·

323 3410 406 3490 tiali‚
424 3414 507 3474 satis
523 3432 586 3475 usu
610 3413 703 3474 venit
720 3418 757 3472 ut
780 3412 822 3473 ad
838 3418 918 3475 vota
934 3413 1126 3475 communia
1138 3419 1248 3474 status
1265 3409 1412 3491 religiosi

323 3495 486 3557 accedant
499 3497 596 3577 plura
612 3496 691 3557 alia.

358 3600 442 3658 Haec
465 3602 515 3657 dat
537 3602 674 3674 exempla
698 3602 879 3671 Pellizarius,
906 3602 925 3658 l.
949 3621 976 3659 c.
999 3598 1125 3660 Frotros
1146 3599 1280 3662 Minores
1302 3612 1413 3660 vovent

322 3685 410 3740 tacite
423 3686 583 3757 specialem
599 3686 799 3742 obedientiam
825 3697 854 3742 et
872 3689 1069 3743 reverentiam
1091 3687 1190 3760 Papae
1212 3698 1241 3744 et
1260 3686 1412 3743 Ecclesiae

320 3786 483 3839 romanae3
499 3765 649 3828 Moroiolcs
662 3765 687 3827 S
690 3821 693 3824 .
711 3765 737 3827 C
740 3766 824 3828 loroc
835 3773 1004 3828 clausuram
1016 3789 1024 3842 ;
1041 3769 1224 3830 Merccdoro'o‘
1235 3772 1412 3844 redemptio-

321 3871 392 3910 nem
407 3854 592 3926 captivorum
604 3855 845 3925 christianorum,
858 3873 949 3929 quam
963 3857 1054 3913 etiam
1065 3858 1178 3930 seipsos
1188 3857 1411 3930 oppignerando

321 3947 498 4010 procurent;
513 3933 641 3996 Mo'no'ooto'
658 3939 870 3996 abstinentiam
891 3942 1199 4015 quadragesimalem
1224 3937 1413 4000 Boroobo‘too

321 4020 494 4095 professioni
508 4022 698 4097 conjungunt
708 4024 914 4098 juramentum
935 4027 971 4082 de
993 4044 1054 4082 non
1074 4027 1243 4084 ambiendis
1262 4027 1411 4100 dignitati·

320 4106 395 4176 bus;
428 4100 612 4164 Cormclitoo
639 4103 812 4167 discalceati
829 4121 858 4165 et
876 4106 1100 4186 Attgoosto'oo'ono‘
1117 4107 1288 4170 discalceati
1306 4123 1430 4169 votum

320 4193 461 4249 emittunt
474 4192 662 4250 humilitatis.
685 4191 719 4249 ln
734 4188 877 4253 Societote
889 4190 977 4273 Josoo‚
995 4195 1098 4268 primis
1117 4198 1194 4254 votis
1206 4198 1409 4274 conjungitur,

351 4417 359 4451 ¹
375 4414 427 4463 Die
438 4433 466 4465 20
474 4415 537 4475 julii
550 4433 615 4475 1900.
