3142 5004
156 889 294 962 Rrocessio-

136 963 184 998 nes.

165 1142 283 1192 Ecclesiae

136 1203 234 1256 creatio:

168 1398 295 1456 Consiua·

137 1459 187 1521 rim

150 1813 298 1866 Reconcilia-

138 1877 181 1924 lio.

169 2119 231 2202 Usus
238 2157 300 2216 porr,

141 2211 271 2274 liJitalium.

346 476 407 540 Μ
500 523 504 529 -
721 499 918 550 pressurum.
936 501 1026 538 cirus
1041 502 1061 538 11
1123 531 1124 534 ,

346 633 465 698 statuit
477 633 518 700 C.
530 633 625 708 Trid.
640 655 667 701 s.
681 653 733 717 25,
747 656 777 701 c.
795 659 843 716 12,
854 637 905 703 De
917 636 1032 721 Regni.
1048 637 1175 701 Verum
1190 658 1231 701 ne
1246 637 1352 703 festos
1366 636 1440 700 dies
1552 671 1553 694 2

347 718 410 780 sub
426 724 608 802 praecepto
619 720 780 803 Episcopi
795 721 987 800 instituant,
1005 720 1096 804 ipsos
1112 721 1314 786 dehortatur
1328 719 1443 786 Urbae
1552 715 1553 718 '

349 820 412 864 nus
433 801 565 880 V111,C.
585 801 745 867 Universa.
1322 832 1325 841 =
1395 833 1396 842 ¹

390 883 478 951 374.
496 886 793 948 Processionibus
805 886 847 949 ab
862 886 1031 970 Episcopo
1047 887 1182 951 indictis·
1196 887 1360 950 interesse
1377 889 1445 968 per?
1552 943 1553 960 ς

349 987 385 1030 se
401 967 523 1031 debent
538 969 724 1048 Regulares
741 975 841 1048 atque
857 971 1039 1032 observare
1055 969 1206 1034 ordinem
1221 972 1439 1050 praeceden-
1552 1049 1553 1054 ἵ

349 1052 419 1113 tiae
435 1050 478 1112 ab
495 1050 567 1132 ipso
584 1050 768 1115 definitum.
786 1052 856 1116 Cir.
875 1053 973 1131 inira,
991 1061 1088 1135 parte
1103 1059 1134 1131 8,
1152 1073 1182 1116 c.
1200 1075 1230 1133 3.

392 1133 482 1199 375.
500 1134 602 1214 Quod
618 1136 662 1196 ad
677 1136 859 1198 Ecclesias
875 1153 972 1198 suas:
990 1155 1018 1200 1.
1034 1135 1208 1200 Ecclesiae
1220 1136 1275 1198 vel
1287 1134 1440 1197 oratoria
1552 1143 1553 1168 ³

351 1215 484 1298 publica
497 1224 656 1296 separata
670 1227 691 1279 a
707 1217 912 1282 monasterio
932 1237 999 1281 non
1026 1218 1191 1301 eriguntur·
1213 1218 1286 1280 sine
1303 1217 1441 1281 licentia

350 1297 520 1387 Episcopi.
539 1299 610 1363 Cl'r.
629 1315 691 1363 112
707 1309 743 1380 et
756 1299 854 1378 inira,
872 1307 968 1381 parte
980 1307 1011 1378 8,
1026 1320 1056 1363 c.
1076 1323 1107 1381 3.
1552 1351 1553 1396 ,

392 1399 424 1445 2.
454 1382 686 1446 Ecclesiarum
709 1382 893 1445 consecratio
920 1390 1051 1466 spectat
1074 1383 1117 1447 ad
1139 1383 1344 1476 Episcopum
1360 1382 1437 1446 loci.

351 1464 476 1532 Valent
502 1471 616 1527 tamen
640 1465 849 1546 Superiores,
874 1466 975 1538 etiam
991 1466 1127 1544 locales,
1153 1469 1357 1546 regularium
1380 1463 1436 1544 qui
1552 1507 1553 1516 .

296 1569 297 1572 ¹
352 1547 511 1610 fruuntur
526 1546 786 1609 mendicantium
800 1547 982 1631 privilegiis
997 1548 1156 1612 Oratoria
1169 1569 1242 1627 sua,
1253 1545 1436 1628 Ecclesias,
1552 1545 1553 1630 ἶ

353 1629 565 1708 coemeteria,
585 1630 790 1693 sollemniter
813 1630 1010 1696 benedicere
1033 1651 1075 1694 ex
1093 1629 1133 1695 C.
1154 1627 1338 1714 Religionis,
1353 1630 1440 1692 Leo·

353 1713 404 1776 nis
422 1729 454 1775 x.
482 1712 610 1775 Eadem
637 1712 754 1775 Const.
778 1713 1021 1794 permittuntur·
1049 1715 1223 1777 Ecclesias
1240 1733 1320 1776 suas
1337 1712 1438 1794 etiam

353 1801 570 1858 consecratas
597 1794 827 1871 reconciliare,
846 1795 873 1859 si
900 1795 1026 1860 fuerint
1052 1798 1213 1880 pollutae.
1235 1797 1301 1858 Per
1327 1815 1364 1860 se
1391 1795 1437 1857 uti

353 1878 475 1941 debent
497 1897 585 1958 aqua
612 1876 654 1938 ab
679 1878 849 1962 Episcopo
875 1879 1063 1956 benedicta,
1082 1880 1145 1942 nisi
1168 1879 1195 1942 is
1220 1879 1322 1944 distet
1349 1879 1440 1941 ultra
1552 1883 1553 1908 ³

353 1961 436 2023 duas
452 1959 581 2023 dioetas
594 1960 699 2038 (circa
712 1966 751 2024 60
762 1961 847 2041 kib),
861 1962 916 2025 vel
928 1961 1079 2026 renuerit
1091 1982 1214 2044 aquam
1227 1961 1438 2041 benedicere,
1552 1963 1553 2042 ᾗ

352 2051 412 2107 aut
427 2043 574 2108 abluerit
589 2042 642 2105 vel
665 2043 762 2106 sedes
777 2050 888 2107 vacet.
1001 2102 1004 2110 ,
1174 2091 1179 2100 ,

394 2148 424 2207 3.
449 2127 487 2189 In
511 2125 628 2188 iisdem
639 2125 802 2190 Ecclesiis
826 2127 948 2191 debent
963 2127 1077 2190 sinere
1100 2134 1139 2191 ut
1160 2127 1350 2210 Episcopus
1375 2126 1440 2189 loci
1552 2123 1553 2172 ἶ

352 2215 509 2273 exerceat
525 2207 730 2290 deridiculis,
756 2209 885 2293 ipsique
901 2208 1032 2290 erigere
1047 2210 1221 2275 thronum.
1240 2211 1440 2273 Renitentes
1552 2229 1553 2270 f

352 2291 395 2354 ab
417 2293 480 2374 Epi
501 2310 585 2372 copo
599 2290 702 2366 etiam
725 2293 876 2358 censuris
892 2291 967 2374 cogi
983 2293 1110 2357 valent.
1127 2295 1179 2356 lta
1199 2293 1328 2356 decret.
1346 2292 1381 2355 S.
1399 2289 1438 2355 C.
1552 2307 1553 2366 j

351 2375 424 2438 EE.
448 2382 486 2447 'ct
544 2376 585 2441 R.
614 2395 649 2437 10
671 2375 746 2457 jun.
778 2381 864 2455 1603.
890 2375 1016 2440 editum
1040 2375 1137 2458 jussu
1162 2375 1344 2440 Clementis
1364 2391 1438 2436 v111.
1552 2377 1553 2428 ξ

352 2455 471 2519 Invit's
484 2462 596 2520 tamen
610 2456 834 2537 regularibus,
847 2457 1040 2540 Episcopus
1054 2459 1098 2521 ibi
1111 2455 1437 2537 exercerejurisdic·
1552 2463 1553 2512 ἱ

353 2540 478 2605 tionem
491 2537 701 2622 prohibetur.
718 2540 836 2622 Itaque
849 2546 960 2622 potest
977 2540 1022 2603 ibi
1038 2541 1232 2633 dispensare
1245 2555 1437 2600 sacramen·
1552 2567 1553 2572 κ

258 2639 260 2643 ’
353 2621 424 2686 tuni
441 2619 703 2700 confirmationis,
729 2629 766 2684 ut
782 2623 906 2686 diserte
929 2623 1115 2686 declaravit
1131 2622 1174 2686 S.'
1186 2620 1312 2702 Congr.
1331 2618 1437 2682 Cone.
1552 2633 1553 2636 ’

290 2725 292 2728 ’
353 2710 386 2767 et
406 2703 557 2766 definivit
584 2703 787 2767 Benedictus
814 2722 884 2784 xiv,
908 2704 949 2770 C.
972 2703 1196 2786 Firmandis§
1224 2709 1254 2767 6.
1283 2701 1439 2783 Plerique

164 2959 299 3017 Campana-

139 3031 191 3066 rum
206 3014 297 3076 pulsus.

164 3127 300 3176 Missurum

140 3184 269 3246 stipendia.

170 3411 261 3460 Nomen

141 3469 255 3529 Episcopi
266 3469 292 3518 in

141 3541 239 3582 conone.

162 3621 248 3671 Oratio
259 3622 301 3668 im·

139 3683 233 3739 perora.

158 3787 301 3838 Ordinatio.

174 3967 247 4036 Tura
268 3979 301 4012 se·

142 4037 255 4080 minaret.
297 4045 299 4048 ·

353 2793 466 2853 tamen
489 2792 681 2869 repugnant
703 2787 713 2815 ¹
736 2789 914 2870 quominus
938 2789 978 2852 de
1000 2785 1128 2852 Ordinis
1144 2785 1440 2862 administratione
1552 2817 1553 2822 κ

353 2868 492 2954 perinde
508 2868 653 2932 dicatur.
1089 2882 1092 2891 ·
1337 2874 1353 2930 ᾗ
1397 2893 1400 2899 “

395 2973 431 3034 4.
451 2951 626 3044 Campanas
650 2951 787 3035 pulsare
803 2952 938 3033 debent,
956 2953 984 3017 si
1000 2953 1167 3036 generalis
1190 2953 1443 3037 praescribatur
1552 2959 1553 3004 ἒ

354 3039 486 3184 pubs'ilg.
510 3120 551 3182 ln
574 3117 698 3181 Missis
724 3091 959 3195 celebrandis,
981 3141 1008 3183 1.
1033 3117 1304 3198 ARegularibus
1328 3118 1443 3181 obser·
1552 3085 1553 3120 ἶ

328 3201 469 3264 nanda
493 3206 544 3263 est
571 3199 743 3283 synodalis
764 3199 913 3263 indicatio
938 3200 1096 3286 stipendii.
1123 3201 1159 3263 S.
1182 3199 1308 3281 Congr.
1335 3199 1442 3265 Cone.
1552 3213 1553 3284 j

359 3302 394 3364 15
407 3284 479 3367 jan.
506 3289 595 3364 1639,
617 3289 653 3346 16
672 3283 745 3366 jan.
766 3290 854 3367 1649,
876 3290 912 3347 16
924 3284 988 3367 jul.
1009 3289 1098 3364 1689.
1117 3281 1188 3346 Cfr.
1211 3281 1339 3345 Bened.
1369 3300 1441 3362 xrv,
1552 3339 1553 3376 3

355 3367 405 3430 Dc
420 3365 594 3448 Synod0,l.
612 3384 643 3446 5,
661 3386 691 3429 c.
708 3388 739 3446 9,
758 3387 790 3431 n.
808 3388 839 3430 2.
1552 3407 1553 3442 ,

398 3459 429 3513 2.
447 3451 485 3542 ln
502 3468 630 3512 canone
645 3449 769 3511 Missae
784 3448 942 3512 nominare
957 3449 1080 3512 debent
1102 3445 1287 3531 Episcopum
1302 3444 1366 3509 loci
1383 3444 1441 3508 ubi
1552 3449 1553 3500 l

356 3533 430 3694 De30
446 3534 606 3678 llllteacniic'rre
622 3611 748 3675 debent
764 3618 915 3678 orationes
931 3615 973 3678 ab
988 3614 1158 3700 Episcopo
1173 3612 1338 3698 imperatus
1354 3611 1443 3674 intra
1552 3579 1553 3664 l

358 3699 495 3846 Mlgb'la'ixj
520 3779 672 3843 Ordines
701 3761 760 3860 per
790 3797 825 3841 se
854 3778 1004 3863 recipere
1032 3779 1155 3844 debent
1191 3778 1234 3841 ab
1271 3777 1442 3862 Episcopo

359 3861 568 3926 monasterii.
586 3860 655 3926 Cir.
673 3860 772 3940 inira,
790 3870 885 3945 parte
902 3883 932 3944 7,
950 3882 980 3926 c.
997 3885 1029 3945 4.
1440 3885 1443 3892 ·
1552 3869 1553 3874 ’

400 3946 489 4012 378.
516 3945 715 4009 Seminario
737 3946 916 4024 erigendo,
941 3945 968 4007 si
991 3964 1076 4027 opus
1100 3943 1154 4019 sit,
1173 3943 1307 4020 debent,
1326 3960 1445 4004 seeun-

359 4027 435 4090 dum
450 4029 588 4109 regulas
603 4027 635 4090 in
648 4027 725 4110 jure
748 4027 948 4110 propositas,
973 4027 1189 4090 contribuere
1214 4026 1277 4110 ipsi
1301 4024 1446 4106 Regula·
1502 4100 1509 4105 .

358 4129 424 4189 reS,
453 4131 520 4175 non
550 4118 664 4174 tamen
687 4109 916 4174 Mendicantes
942 4111 1068 4192 velqui
1094 4110 1217 4173 horum
1242 4109 1447 4194 participant

358 4193 546 4276 privilegia,
571 4193 634 4258 nisi
670 4194 835 4276 quaedam
872 4192 1035 4285 beneficia
1071 4192 1259 4276 probentur
1296 4192 1444 4284 ipsorum

358 4371 517 4381 uun—.-

386 4465 392 4500 ¹
406 4463 476 4522 l‘iat,
489 4481 525 4522 11,
538 4479 564 4524 p.
577 4471 605 4512 63
620 4468 648 4512 et
659 4462 706 4512 alii
719 4459 755 4510 ab
765 4461 825 4522 ipso
836 4461 921 4510 allati.
