3142 5004
181 429 363 512 [258-261]
453 453 491 489 mc
506 450 742 488 ontroarroumus
759 447 896 486 nnerorosr
912 449 1039 486 rnorassr
1205 423 1265 488 155

172 587 327 665 obstare,
344 604 404 648 seu
416 585 627 649 substantiae
639 583 719 647 iacti
731 604 794 648 nec
807 585 896 647 modo
911 604 977 665 quo
990 603 1082 666 agas,
1093 604 1160 648 non
1172 582 1265 668 prius

179 669 284 752 petita
299 670 410 733 venia.
436 667 534 732 Tunc
550 669 639 732 enim
656 667 751 745 facis,
768 685 835 730 non
856 687 898 729 ex
911 667 1025 730 animo
1041 667 1197 731 habentis
1208 666 1265 749 jus

178 753 237 814 sed
263 770 304 814 ex
335 750 471 814 virtuali
487 751 663 813 voluntate
686 749 877 833 Superioris
900 749 966 828 cui,
983 751 1017 813 in
1032 749 1104 834 ipso
1119 758 1211 830 actu,
1232 755 1265 812 te

179 835 293 918 prodis
308 833 501 897 obnoxium.

223 916 363 994 Contra,
391 917 420 980 si
448 917 519 1000 ipse
541 922 683 997 rogatus
706 934 776 978 rem
803 914 1037 994 detrectasset,
1065 912 1267 998 perspicitur

180 1017 312 1062 omnem
332 998 480 1066 'deiicere
496 998 680 1066 licentiam.
704 997 835 1061 Invitus
858 1005 910 1062 est
931 999 1108 1062 Praelatus
1128 995 1210 1079 quod
1224 994 1267 1059 ud

180 1080 395 1144 substanttam.

222 1165 310 1248 Quid
332 1171 460 1243 autem,
484 1163 512 1227 si
535 1162 614 1226 hinc
638 1163 771 1245 quidem
794 1163 982 1241 annuisset,
1005 1163 1094 1227 illinc
1109 1181 1191 1226 vero
1206 1180 1267 1244 pu·

181 1248 305 1310 tandus
319 1256 371 1311 est
394 1266 586 1330 repugnare
610 1245 789 1328 quominus
812 1247 885 1330 ipso
911 1246 1102 1310 inconsulto
1125 1243 1267 1308 feceris?

117 1376 119 1381 -
180 1332 303 1393 Actum
319 1337 409 1392 esset
425 1331 466 1393 de
477 1329 652 1412 disciplina
665 1329 822 1411 religiosa
833 1329 860 1392 si
876 1330 908 1393 id
920 1349 1052 1411 semper
1067 1345 1266 1408 excusares:

176 1413 247 1494 jam
262 1411 351 1476 enim
365 1411 418 1496 ad
441 1415 570 1476 nullum
586 1413 656 1476 fere
684 1433 783 1476 usum
809 1412 1044 1476 rationabilem
1069 1432 1154 1494 opus
1181 1409 1268 1472 foret

180 1513 304 1576 rogare
319 1497 464 1560 veniam.
482 1495 664 1579 Quocirca,
689 1505 726 1559 ut
749 1515 853 1558 causa
876 1496 1066 1576 prudenter
1076 1493 1266 1570 definiatur,

179 1578 438 1642 examinandum
454 1590 631 1660 praeterea
643 1588 695 1641 est
707 1586 821 1641 utrum
830 1579 862 1642 in
870 1579 1028 1642 Praelato
1040 1575 1268 1661 conjiciendus

182 1661 227 1722 sit
243 1661 270 1722 is
286 1661 388 1724 animi
401 1659 539 1724 habitus
553 1680 620 1741 quo
632 1659 767 1724 absolute
782 1663 866 1726 nolit
881 1682 952 1724 rem
967 1681 988 1723 a
1003 1671 1036 1724 te
1051 1662 1123 1724 sine
1135 1659 1269 1723 licentia

184 1744 352 1824 usurpari,
380 1763 425 1806 an
447 1763 550 1820 mere,
577 1743 713 1824 cognita
740 1750 798 1807 tua
820 1744 1035 1825 negligentia,
1064 1749 1269 1827 repugnaret

184 1825 471 1916 praetermissioni
491 1825 624 1888 debitae
647 1826 790 1891 formae.
813 1829 888 1890 Hoc
905 1827 1090 1909 posteriore
1107 1845 1200 1902 casu,
1217 1828 1270 1886 est

183 1905 310 1969 invitus
326 1909 491 1971 duntaxat
513 1910 603 1989 qnod
625 1908 668 1972 ad
689 1909 815 1972 modum
830 1917 864 1973 et
879 1909 962 1972 facis
978 1917 1098 1972 contra
1113 1908 1269 1971 obedien·
1286 1929 1289 1934 ·

183 1989 285 2066 tiam;
313 1990 425 2072 priore
451 2011 546 2069 vero,
574 1991 697 2054 dicitur
725 1991 844 2056 ratione
872 1990 958 2055 modi
982 1991 1098 2054 inonus
1121 1990 1203 2072 quod
1227 1986 1270 2051 ad

183 2070 398 2149 substantiam,
415 2080 450 2136 et
465 2074 595 2137 factum
612 2074 815 2137 adversatur
829 2084 910 2136 voto
927 2073 949 2136 ¹.
1137 2085 1146 2094 ”

223 2153 343 2234 Porr0,
371 2176 413 2219 ex
439 2157 564 2220 affeetu
590 2175 657 2237 quo
682 2157 790 2219 fertur
813 2156 846 2220 in
870 2155 1052 2234 subditum,
1080 2175 1122 2218 ex
1146 2154 1269 2218 libente

184 2237 296 2300 animo
311 2257 378 2318 quo
394 2258 465 2302 rem
482 2240 694 2317 concederet,
720 2239 851 2304 facilius
869 2238 1078 2321 judicabitur
1092 2238 1270 2302 Praelatus

182 2338 250 2381 non
266 2318 392 2384 invitus
408 2321 471 2385 nisi
487 2322 576 2402 quod
590 2324 634 2384 ad
649 2323 785 2386 modum
803 2328 947 2386 tantum.

224 2400 364 2481 Contra,
381 2405 408 2466 si
425 2407 552 2485 regula,
570 2404 656 2468 utin
674 2405 844 2469 Societate
859 2405 951 2489 Jesu,
969 2404 1042 2466 vult
1055 2409 1092 2466 ut
1108 2401 1270 2486 Superior
1299 2440 1302 2446 ·

184 2486 339 2549 conscius
351 2487 486 2550 veniam
500 2487 616 2566 iaciat,
630 2491 764 2571 saepius
781 2489 857 2567 erit,
874 2507 916 2552 ex
931 2488 1002 2569 ipso
1014 2487 1125 2566 mod0,
1143 2485 1269 2550 invitus

184 2567 271 2648 quod
288 2567 329 2630 ad
345 2569 584 2632 substantiam.
921 2601 932 2610 ’

221 2650 444 2732 Displicentia
460 2671 547 2733 quae
562 2653 698 2715 videtur
713 2652 785 2715 fore
798 2652 913 2733 gravis
928 2653 982 2714 vel
998 2651 1081 2715 levis
1096 2670 1158 2734 pro
1172 2650 1269 2732 signo

181 2731 301 2797 haberi
317 2739 429 2816 potest
445 2735 644 2798 alterutrius
668 2735 922 2819 repugnantiae.
946 2734 1013 2800 Sed
1036 2735 1063 2797 si
1086 2732 1269 2798 rationabi-

180 2813 256 2877 liter
277 2823 495 2911 praesumpta
520 2817 583 2880 fuit
608 2819 755 2896 licentia,
784 2818 976 2900 Superioris
1003 2817 1174 2882 dissensus
1201 2837 1270 2880 non

181 2896 282 2960 efficit
298 2906 335 2960 ut
350 2899 475 2980 aliquid
491 2908 611 2962 contra
626 2910 744 2965 votum
761 2900 804 2963 sit
820 2900 1048 2964 commissum.

223 2980 306 3042 Post
321 2979 448 3045 factum
470 2990 596 3060 autem,
623 3003 761 3046 monere
783 2982 998 3064 Superiorem
1014 3003 1146 3065 semper
1160 2984 1267 3060 decet,

184 3078 246 3123 nec
262 3081 340 3125 raro
356 3084 416 3147 per
438 3065 590 3146 regulam
606 3066 805 3148 injungitur.
829 3067 866 3129 Id
887 3075 1000 3128 tamen
1023 3066 1180 3130 omittere
1202 3086 1268 3128 non

184 3142 386 3207 adversatur
416 3149 619 3229 paupertati,
652 3149 716 3211 nisi
747 3169 813 3226 reS,
848 3165 915 3210 non
947 3153 1045 3230 plane
1072 3149 1267 3231 praeterita,

185 3224 309 3290 habeat
324 3227 469 3309 aliquem
481 3237 629 3295 tractum
641 3231 886 3294 successivum:
901 3240 939 3292 nt
954 3231 982 3292 si
998 3239 1119 3311 agatur
1134 3232 1174 3294 de
1190 3230 1269 3294 reti-

185 3309 295 3372 nenda
310 3329 348 3372 re
364 3320 504 3394 accepta
519 3332 561 3375 ex
576 3323 794 3397 praesumpta
809 3313 982 3376 facultate.

225 3415 257 3474 4.
286 3393 377 3476 Quod
398 3394 441 3457 ad
457 3399 583 3477 tempus,
604 3423 618 3451 ‹
643 3397 798 3459 Licentia
822 3396 864 3459 ab
886 3403 1101 3459 antecessore
1118 3395 1269 3476 praelato

185 3473 276 3553 data,
293 3479 428 3556 quando
443 3477 554 3540 officio
570 3499 633 3541 suo
647 3478 784 3550 functus
800 3486 863 3556 est,
880 3497 940 3560 per
954 3498 990 3541 se
1006 3497 1075 3541 non
1098 3477 1246 3561 exspirat
1260 3497 1268 3554 ;

184 3556 255 3639 ipse
282 3567 395 3622 tamen
421 3560 484 3624 sibi
511 3581 573 3644 pro
602 3569 754 3643 tempore
780 3563 968 3644 posteriore
992 3559 1162 3624 licentiam
1189 3561 1270 3624 dare

183 3641 315 3721 nequit;
333 3641 380 3704 ita
395 3644 515 3706 saltem
532 3643 564 3706 in
582 3644 662 3708 Soc.
677 3645 770 3729 Jesu.
791 3672 804 3700 »
822 3645 1027 3722 Lehmkuhl,
1045 3660 1068 3721 1,
1085 3660 1186 3734 5253.

221 3725 311 3789 261.
335 3727 509 3805 Quaeres,
538 3727 616 3807 quid
642 3728 674 3788 si
700 3726 740 3789 de
763 3728 916 3790 licentiae
943 3728 1195 3809 opportunitate
1227 3725 1270 3788 ab

185 3808 320 3869 minore
336 3811 502 3872 Praelata
516 3810 708 3872 dissentiat
720 3813 845 3888 major.

224 3887 266 3951 R.
283 3887 383 3953 Valet
399 3911 458 3974 per
473 3911 509 3954 se
525 3893 703 3954 Praelatus
726 3895 836 3975 major
859 3892 992 3954 modum
1008 3898 1159 3956 statuere
1171 3891 1271 3974 juris-

184 3967 320 4062 dictioni
336 3973 503 4036 inferioris
518 3995 525 4052 ;
543 3973 642 4055 idque
658 3974 758 4052 licite,
773 3976 815 4038 ob
825 3975 954 4057 justam
967 3994 1105 4038 causam
1120 3976 1144 4038 ².
1158 3977 1273 4058 Quare

183 4071 217 4144 tn
250 4053 398 4134 ejusdem
430 4063 599 4139 potestate
632 4065 684 4120 est
725 4058 895 4121 infirmare
928 4057 1097 4122 licentiam
1125 4057 1273 4122 Praelati

185 4132 365 4215 mferioris,
382 4144 452 4200 tam
467 4140 709 4203 antecedenter
727 4159 828 4222 quam
851 4149 1107 4221 consequenter.

212 4325 288 4376 ¹Cfr.
301 4329 413 4386 suarez,
425 4331 603 4391 borleugum,
621 4338 653 4380 tr.
671 4347 694 4389 7.
713 4332 730 4380 l.
754 4340 776 4387 8,
793 4345 817 4380 c.
837 4345 917 4388 11,n.
936 4343 976 4387 11:
995 4330 1126 4388 Sanchez,
1144 4331 1175 4378 In
1189 4329 1272 4379 Decai.

183 4383 205 4487 ii
213 4398 272 4500 pared
283 4400 376 4501 &mann
376 4394 425 4495 {⁵1³5
428 4389 583 4494 &aymam
595 4391 613 4438 l.
631 4409 653 4447 4.
667 4396 700 4438 tr.
722 4396 744 4448 5,
759 4404 783 4438 c.
796 4404 817 4446 7,
831 4403 857 4437 n.
871 4403 898 4447 tt
917 4390 948 4438 C.
965 4388 1000 4438 de
1015 4390 1103 4452 L'ugO,
1119 4389 1157 4438 De
1170 4389 1274 4441 Jusuua

210 4499 287 4550 ²cfr.
300 4502 412 4561 Suarez,
424 4504 461 4552 De
471 4504 602 4564 Religion,
616 4509 649 4554 tr,
663 4514 687 4563 8,
697 4505 714 4554 l.
728 4523 751 4564 2,
762 4519 786 4554 c.
799 4523 822 4563 a,
832 4519 858 4554 n.
872 4523 947 4565 22·24.

1338 2987 1379 3033 An
1388 2983 1482 3044 deprae-

1324 3045 1454 3146 sumptippp

1327 3116 1457 3221 Slt‘ipneer'i'or?
1479 3219 1482 3224 ⁴

1412 3405 1470 3454 adm

1329 3479 1358 3512 va
1368 3469 1404 3511 ear
1417 3463 1485 3512 licen·

1329 3525 1363 3571 ria
1372 3522 1385 3570 Β

1359 3733 1422 3794 Quid
1433 3732 1460 3780 dc

1332 3791 1475 3839 dissensione

1329 3848 1487 3914 interpraeta-

1330 3913 1378 3954 tum
1413 3919 1487 3966 mayo-

1328 3979 1376 4011 rem
1395 3969 1416 4012 et
1433 3966 1489 4026 inse·

1326 4022 1432 4071 riorem?
