3148 5004
169 1431 285 1479 Traditio

132 1488 293 1536 uudiataDea

136 1547 219 1594 recidit
227 1545 261 1593 vei
267 1548 293 1594 iu

131 1606 255 1664 propriam

133 1667 209 1708 statar
232 1661 290 1709 obii-

131 1722 260 1776 gatianum,

134 1777 167 1823 vel
177 1779 203 1823 in
214 1776 292 1824 tradi·

134 1836 219 1881 tionem
237 1833 264 1880 de

133 1906 178 1950 qua
187 1893 225 1940 lta
236 1909 258 1939 1.

354 419 393 498 ig
737 457 805 498 PARS
820 461 915 498 PRIMA.
931 461 1022 498 CAPUT
1042 461 1052 497 1

352 599 442 666 atque
462 590 530 651 aR.
545 589 580 651 P.
595 591 710 653 Wema
730 605 738 634 ¹
758 595 943 670 improbatur
961 603 995 654 ut
1015 595 1123 654 «fictio
1143 597 1293 673 quaedam
1307 598 1353 656 vel
1367 599 1442 665 divi-

352 676 435 733 natio
460 677 544 734 omni
557 675 754 741 fundamento
768 680 939 753 dogmatico
951 690 981 738 et
992 680 1137 738 canonico
1151 681 1302 739 destituta.
1318 705 1332 733 ›
1352 682 1442 740 Prae-

352 767 442 830 terea,
468 761 541 834 ipsis
566 761 729 820 corollariis
745 759 891 821 ¹'falsitatis
918 765 1062 836 arguitur.
1087 763 1221 822 Traditio
1249 766 1343 838 enim,
1369 784 1440 825 cum

351 844 408 902 hac
434 846 553 905 ratione·
571 845 686 905 dicatur
710 846 826 905 differre
851 865 869 904 a
898 848 1106 921 promissione,
1133 849 1214 922 quod
1242 851 1284 908 rei
1303 850 1437 921 traditae,

352 939 454 1001 utpote
465 947 542 1003 quae
555 928 632 987 iacta
646 931 684 987 sit
695 931 826 1003 alterius,
842 942 946 988 contra
957 948 992 987 ac
1005 931 1046 988 rei
1060 948 1141 989 mere
1157 933 1321 1006 promissae
1340 934 1440 1005 dispo·

351 1013 419 1070 sitio
431 1010 505 1070 foret
518 1013 657 1084 invalida,
673 1032 727 1070 nec
740 1027 857 1072 tantum
872 1015 986 1072 illicita:
1002 1033 1020 1071 a
1033 1016 1165 1088 patronis
1178 1016 1263 1074 istius
1274 1017 1440 1076 sententiae

351 1095 546 1154 inducebatur
557 1099 705 1171 quaedam
720 1099 891 1155 inhabilitas
902 1093 988 1176 juris
1004 1093 1113 1168 dioitti,
1130 1116 1190 1173 qua
1209 1101 1365 1172 religiosus
1384 1119 1439 1158 nec

350 1181 463 1238 nubere
484 1199 539 1238 nec
562 1182 710 1254 possidere
725 1182 901 1254 temporalia
915 1181 1012 1240 valide
1025 1195 1134 1255 posset.
1159 1182 1258 1241 Hodie
1276 1201 1347 1244 vero
1367 1185 1439 1258 ipsis

351 1266 556 1322 monumentis
576 1267 781 1324 ecclesiasticis
804 1267 892 1340 plane
916 1279 1033 1324 constat
1057 1267 1259 1326 inhabilitates
1282 1270 1352 1329 istas
1374 1287 1439 1327 esse

347 1349 423 1426 juris
436 1351 562 1408 humani
576 1351 774 1409 accessiones.

385 1448 413 1505 3.
441 1431 507 1490 Vel'
520 1434 649 1506 denique
673 1431 746 1489 foret
777 1449 921 1506 personae
949 1431 1070 1490 donatio
1102 1430 1180 1490 sacta
1206 1432 1326 1505 quidem
1357 1431 1434 1501 Deo,

350 1516 501 1573 mediante
513 1527 614 1572 tamen
634 1518 838 1589 acceptatione
853 1517 1023 1587 hominurn,
1034 1515 1096 1589 qui,
1112 1515 1142 1572 in
1155 1514 1284 1588 regenda
1296 1531 1433 1588 persona,

350 1597 406 1656 Dei
420 1600 500 1656 vices
517 1599 698 1672 supplerent.
714 1599 813 1672 Atque
829 1600 884 1655 hac
898 1599 1013 1656 ratione
1032 1598 1098 1656 Deo
1110 1615 1128 1654 a
1143 1597 1287 1670 religiosis
1301 1598 1375 1654 tradi
1389 1598 1436 1653 sui

348 1683 527 1752 dominium,
544 1697 610 1756 post
622 1681 732 1740 Suarez
745 1695 757 1724 ²
769 1695 929 1740 autumant
943 1683 1041 1759 plures
1054 1691 1076 1739 ³.

383 1765 450 1834 Sed,
465 1767 570 1823 nisiex
584 1779 753 1839 pactocum
767 1767 879 1824 Ordine
894 1767 1030 1840 religioso
1049 1766 1160 1824 recidat
1173 1765 1203 1823 in
1218 1783 1328 1822 nexum
1349 1762 1434 1835 illum

348 1851 517 1908 humanum
546 1852 707 1910 hodiernae
733 1851 921 1926 professionis
944 1851 1099 1923 religiosae
1130 1851 1167 1907 de
1202 1867 1262 1923 quo
1285 1851 1333 1909 hic
1356 1869 1387 1909 n.
1409 1867 1434 1920 1,

347 1933 525 1991 verbotenus
537 1933 653 1993 differre
674 1935 761 1992 nobis
775 1937 890 1994 videtur
904 1935 972 2006 talis
991 1935 1109 1993 traditio
1128 1953 1146 1990 a
1163 1935 1304 1991 servitute
1323 1932 1436 2007 periec-

346 2019 436 2079 tioais
448 2037 525 2092 quae
535 2032 630 2078 status
642 2019 829 2094 perfectionis
842 2020 1004 2094 ingreditur
1017 2021 1175 2076 rationem.

382 2102 421 2164 Et
434 2121 464 2160 re
476 2105 597 2176 quidem
618 2122 698 2175 vera,
712 2105 794 2161 aliud
809 2121 869 2160 non
881 2117 990 2160 sonant
1003 2103 1090 2176 pauci
1101 2101 1224 2176 quidam
1238 2101 1295 2158 loci
1311 2100 1432 2158 Patrum

345 2187 454 2260 quibus
475 2188 612 2258 religiosa
634 2189 694 2244 vita
713 2186 833 2245 effertur
845 2198 877 2242 ut
889 2187 1039 2260 quoddam
1053 2179 1270 2255 holocaustam,
1284 2184 1433 2258 quaedam

344 2268 394 2329 sai
411 2269 598 2342 aoruarraiia
619 2269 742 2331 donatio
755 2271 831 2330 iacta
848 2272 912 2329 Deo
923 2283 944 2329 ⁴.
958 2269 1020 2330 Par
1031 2289 1061 2330 sa
1073 2273 1154 2328 enirn
1169 2272 1344 2344 perspicitur
1356 2272 1434 2327 dicta

346 2356 401 2412 ista
414 2354 499 2413 sacile
511 2358 655 2430 quadrare
674 2358 712 2413 ad
725 2357 938 2430 obligationem
962 2370 1147 2428 perpetuam,
1169 2356 1341 2429 praesertim
1355 2372 1433 2428 quae

345 2440 528 2496 sollemniter
541 2441 727 2512 suscipiatur.
747 2439 864 2497 Similia
882 2452 983 2496 autem
1006 2452 1165 2496 occurrunt
1190 2439 1303 2511 prolata
1315 2439 1352 2495 de
1366 2438 1433 2494 unis

344 2523 509 2596 virginibus
523 2537 552 2580 et
564 2525 604 2590 de,
614 2535 755 2597 perpetua
767 2525 924 2588 castitate⁵
940 2524 970 2580 in
987 2539 1047 2595 qua
1065 2521 1237 2590 distinctam
1255 2520 1391 2594 ali-quam
1413 2537 1432 2576 a

344 2620 413 2664 voto
434 2609 623 2665 traditionem
650 2608 704 2682 ipsi
727 2596 886 2664 adversarii
911 2606 1039 2664 latentur
1061 2623 1093 2661 se
1113 2605 1161 2660 vix
1174 2622 1295 2661 cernere
1308 2622 1394 2679 posse
1407 2603 1431 2662 ⁶.

344 2691 411 2767 lpse
424 2693 552 2767 denique
564 2692 595 2750 S.
609 2693 754 2762 Thomas,
767 2711 802 2750 eo
815 2694 902 2749 loco?
916 2692 966 2748 ubi
982 2703 1092 2749 statum
1107 2690 1279 2762 religiosum
1303 2690 1432 2747 celebrat

344 2788 376 2833 ut
391 2778 609 2847 holocauszurn,
623 2780 753 2835 eundem
764 2778 834 2834 dicit
847 2777 940 2834 tribus
954 2776 1031 2833 votis
1040 2786 1224 2832 concretum.

379 2860 466 2937 Quod
479 2862 503 2918 si
516 2879 697 2935 quaeramus
719 2863 755 2918 de
779 2862 807 2917 vi
831 2861 946 2934 propria
959 2861 1044 2916 istius
1057 2860 1234 2931 traditionis,
1249 2860 1332 2917 nulla
1345 2859 1431 2916 nobis

342 2946 458 3002 videtur
472 2946 604 3003 indicari.
621 2945 763 3020 Namque
785 2946 908 3001 nullitas
930 2945 1113 3002 matrimonii
1134 2943 1235 3013 laturi,
1261 2943 1432 3000 inhabilitas

342 3031 379 3086 ad
403 3030 624 3103 possidendum,
648 3030 770 3089 effectus
789 3043 876 3108 sunt,
907 3048 968 3086 non
994 3029 1159 3087 traditionis
1183 3047 1261 3103 quae
1287 3047 1362 3103 opus
1388 3038 1433 3084 est

342 3115 481 3188 religiosi,
497 3115 548 3171 sed
562 3115 635 3187 legis
654 3115 889 3183 ecclesiasticae;
906 3113 1092 3170 obedientiae
1107 3127 1208 3170 autem
1224 3131 1284 3169 non
1304 3112 1430 3187 conjun-

342 3200 420 3272 gitur
445 3199 502 3255 nisi
525 3198 642 3256 traditio
667 3200 704 3255 de
726 3217 785 3271 qua
810 3216 909 3254 sermo
935 3195 991 3254 fuit
1016 3216 1047 3254 n.
1077 3213 1102 3254 1.
1130 3194 1324 3252 Dominativa
1349 3195 1430 3249 enim

343 3284 507 3356 Superioris
517 3293 661 3358 potestate
675 3282 708 3340 fit
718 3300 750 3340 ut
759 3284 915 3356 religiosus
927 3293 1067 3356 nequeat,
1081 3281 1111 3336 in
1126 3281 1172 3336 his
1183 3281 1213 3336 in
1227 3276 1336 3351 quibus
1345 3276 1430 3332 alteri

343 3370 487 3440 subditur,
521 3366 645 3424 firmiter
671 3370 846 3424 contrahere
879 3367 1066 3439 personalem
1099 3362 1323 3434 obligationem.
1353 3359 1428 3428 Nec,

307 3499 312 3508 .
342 3465 445 3510 contra
458 3465 546 3526 atque
558 3450 735 3508 autumabat
744 3450 864 3520 Suarez,
875 3465 977 3508 votum
992 3450 1137 3506 sollemne
1151 3445 1247 3517 magis
1259 3443 1423 3501 inhabilem

341 3538 436 3593 reddit
448 3536 618 3608 religiosum
629 3553 720 3608 quarn
735 3536 874 3608 simplex.

372 3773 423 3819 11u
434 3772 451 3818 l.
464 3769 561 3829 4decr.
574 3785 601 3829 p.
615 3772 758 3826 3salcodex
770 3769 897 3830 lithogrl.
908 3798 936 3805 -
946 3773 956 3806 ἓ·
968 3771 1004 3817 De
1015 3769 1135 3829 religione,
1146 3775 1179 3817 tr.
1193 3785 1215 3824 7,
1225 3768 1243 3815 l.
1259 3785 1279 3822 r.
1291 3781 1315 3814 c.
1328 3786 1351 3825 4,
1364 3781 1396 3833 n..
1405 3771 1427 3833 5.

370 3830 380 3867 3
391 3831 422 3878 V.
435 3843 473 3888 gr.
492 3828 588 3882 Bouix,
599 3829 694 3888 Dajura
704 3828 854 3886 regularium,
865 3843 883 3884 1,
898 3847 926 3887 49
936 3842 942 3884 ;
954 3828 1092 3884 Craisson,
1105 3827 1220 3876 Manuale
1226 3828 1292 3886 juris
1308 3839 1429 3879 conorari,

341 3903 367 3935 n.
381 3896 438 3946 2467
445 3901 451 3943 ;
472 3889 560 3941 Marc,
576 3887 741 3934 Institutiones
759 3887 858 3934 morales
876 3887 1064 3946 atpaonsranne,
1085 3895 1104 3934 t.
1125 3899 1188 3942 2,11.
1201 3902 1268 3944 2129,
1288 3896 1382 3944 quaer.
1396 3895 1428 3938 ²2

343 3943 634 4003 Palmieri‚0purtl1aol.
648 3959 674 3991 n.
688 3964 767 4002 asar.
1371 3997 1376 4006 ,
1412 3996 1416 4004 ,

341 4064 350 4111 l
369 4009 380 4041 ⁴
392 4006 481 4052 Locos
498 4000 583 4052 habes
595 4002 669 4062 apud
681 4004 793 4059 Suarez,
810 4016 855 4062 op.
873 4001 911 4050 cit
932 4009 965 4051 tr.
978 4020 1001 4060 7,
1014 4003 1032 4051 l.
1047 4021 1067 4059 ι,
1080 4016 1105 4050 c.
1117 4022 1141 4060 4,
1153 4016 1180 4048 n.
1196 4007 1222 4058 5;
1235 4001 1278 4048 vel
1290 3999 1433 4054 Palmtert,

354 4101 358 4109 .
371 4076 395 4110 c.
405 4077 432 4109 n.
447 4070 485 4110 23.

369 4119 446 4169 ⁵Cir.
460 4135 486 4166 v.
499 4133 537 4178 gr.
551 4119 577 4166 S.
590 4115 765 4183 ¹Ambrosium
777 4120 813 4166 De
823 4119 957 4182 uirginibus
976 4135 996 4165 r.
1009 4138 1032 4174 4,
1051 4117 1153 4177 'Migne
1165 4119 1196 4165 P.
1210 4117 1248 4165 L.
1257 4123 1275 4164 t.
1288 4123 1323 4172 16,
1334 4128 1358 4179 c.
1373 4118 1431 4170 193¹,

341 4178 388 4226 ubi
398 4191 452 4225 non
463 4175 580 4224 obscure
591 4175 652 4223 ideo
663 4189 795 4232 virginem
806 4176 874 4223 dicit
884 4190 999 4231 sacram.
1013 4175 1090 4237 quia,
1103 4189 1157 4223 una
1173 4177 1306 4222 suadente
1317 4179 1428 4230 pretate,

340 4243 500 4297 perpetuam
509 4235 581 4298 cplat
592 4233 788 4281 continentiam
799 4249 805 4283 ι
820 4254 828 4280 r
843 4235 898 4300 Ipsi
910 4233 1052 4290 (infideles)
1061 4233 1161 4282 docent
1172 4231 1291 4289 virgines
1299 4243 1363 4277 suas
1373 4242 1428 4276 non

341 4294 440 4344 debere
448 4297 661 4356 perseverare...
672 4290 848 4341 Non'h‘abent
860 4294 941 4354 igitur
952 4306 1059 4341 sacram
1071 4291 1215 4352 virginem.
1231 4307 1240 4335 u

368 4352 445 4400 ⁶Cir.
460 4352 600 4405 Palmtert‚
614 4351 631 4397 l.
645 4363 670 4398 c.
683 4364 710 4396 n.
724 4369 760 4407 24-

368 4410 500 4466 ⁷Suarez,
513 4409 671 4468 Dereligione
682 4418 714 4456 tr.
726 4425 747 4466 7,
761 4410 769 4457 l
789 4427 810 4467 2,
824 4424 848 4458 c.
860 4430 883 4468 4,
897 4425 923 4458 n.
934 4415 963 4467 5;
978 4407 1119 4466 Palmieri,
1132 4421 1159 4454 n.
1174 4413 1212 4456 23.
