3134 5016
259 406 264 419 Ι

163 439 260 518 [546]
388 418 390 423 .
562 459 599 494 ne
614 458 929 494 conranrnmurn'nnus
1162 419 1242 530 ιηβῑῇἓῖ

199 593 232 670 α)
243 591 382 654 Litterae
392 591 549 654 erectionis
560 591 761 674 debentejus
774 610 846 652 esse
853 589 977 671 sermea
990 609 1074 668 quae
1086 589 1242 652 substan·

158 674 281 736 tialiter
305 683 471 756 congruat
494 674 659 736 formulae
682 673 910 755 praescriptae
934 693 954 734 a
983 672 1152 734 Clemente
1163 687 1241 733 vui.

156 759 214 834 Et,
238 757 302 819 nisi
328 757 360 820 in
384 758 462 838 ipsis
486 757 606 818 litteris
623 756 872 819 contineantur.
898 755 996 816 simul
1022 756 1144 816 saltem
1165 773 1241 816 cum

156 841 231 902 istis
258 839 330 902 dari
357 839 480 902 debent
506 839 687 921 praecipua
717 838 829 920 capita
857 836 1116 900 Constitutionis
1141 837 1242 918 Quae-

155 939 293 1001 eramque.

198 1003 251 1064 Ita
266 1024 307 1066 ex
322 1004 413 1067 decr.
431 1010 450 1066 8
462 1004 534 1085 jan.
555 1009 630 1066 1861
649 1010 682 1065 et
703 1025 737 1082 ¹9
753 1011 820 1066 oct.
843 1008 932 1066 1866.

197 1081 232 1166 β)
251 1087 320 1150 Une
343 1093 474 1149 tantum
497 1087 650 1168 ejusdem
669 1087 812 1148 instituti
829 1092 862 1148 et
884 1085 1016 1166 generis
1033 1081 1114 1163 'erigi
1132 1087 1243 1164 potest

153 1167 189 1228 e'n
203 1188 262 1229 nno
277 1168 350 1245 loce,
369 1190 409 1231 ea
425 1189 525 1250 quam
543 1169 641 1230 modo
657 1168 798 1230 diximus
815 1169 971 1232 ratione.

196 1254 227 1336 y)
253 1252 350 1313 Prius
377 1252 579 1314 obtinendus
595 1260 646 1313 est
669 1251 815 1332 scriptus
841 1269 979 1312 assensus
1004 1245 1160 1329 Episcopi,
1189 1247 1242 1308 vel

155 1331 281 1394 Vicarii
297 1335 476 1413 generalis,
494 1334 569 1408 rite,
587 1340 753 1415 utsupra,
771 1333 1019 1414 delegatiQuo
1036 1332 1145 1392 dando
1163 1347 1242 1389 con·

154 1431 256 1476 sensu
269 1417 438 1478 abstinere
450 1416 710 1479 debetVicarius
720 1415 913 1498 capitularis
923 1415 945 1477 ¹.
959 1413 1109 1476 Litterae
1122 1411 1241 1491 quibus

155 1515 314 1559 assensus
340 1500 551 1578 significatur
575 1501 810 1560 commendare
833 1499 955 1560 debent
971 1495 1120 1559 instituti
1137 1493 1241 1576 pieta·

156 1589 222 1639 tem
239 1599 278 1639 ac
296 1581 500 1660 religionem.
516 1579 586 1642 Clr.
601 1580 689 1644 S.'C.
704 1581 834 1660 Indulg.
850 1600 866 1660 5
884 1589 1045 1642 mart-20
1058 1578 1137 1640 maii
1151 1581 1239 1656 1895.

197 1663 354 1722 Attamen
372 1663 399 1724 si
415 1672 537 1742 agatur
554 1663 593 1724 de
607 1662 950 1725 Confraternitatibus
967 1682 987 1723 a
1004 1660 1241 1742 Superioribus

159 1743 321 1822 religiosis
343 1743 377 1805 e'e
393 1744 529 1825 propriis
551 1743 615 1806 sue's
637 1745 767 1806 eeclesiis
782 1745 960 1825 erigendis
979 1741 1146 1805 Ordinarii
1163 1761 1241 1803 con-

157 1844 275 1886 sensus
306 1833 387 1887 tunc
417 1830 524 1888 solum
555 1833 606 1888 est
636 1827 859 1902 necessarius
891 1826 1025 1907 quando
1055 1825 1169 1904 agitur
1203 1824 1242 1886 de

157 1906 498 1970 Confraternitatibus
524 1909 659 1991 proprie
686 1909 795 1972 dictis.
827 1909 896 1972 Cir.
931 1923 1043 1987 5441.
1080 1907 1115 1970 Si
1153 1907 1241 1968 enim

155 1988 196 2048 de
217 1987 563 2054 Confraternitatibus
586 1993 699 2071 agitur
722 2012 805 2072 quas
828 1993 971 2054 diximus
990 1995 1055 2052 late
1071 1997 1240 2069 acceptas

156 2071 290 2138 sufficit.
329 2075 362 2136 in
390 2075 541 2155 propriis
575 2074 822 2154 Religiosorum
859 2073 1021 2149 ecclesiis,
1058 2090 1242 2133 consensus

158 2157 341 2234 praestitus
358 2156 400 2216 ab
417 2156 597 2218 Ordinario
621 2176 681 2237 pro
705 2159 875 2218 erectione
894 2156 1091 2218 Conventus
1107 2152 1242 2215 Ordinis

157 2237 190 2297 in
207 2237 350 2299 dioecesi
366 2239 389 2300 ².
409 2239 499 2316 (Acte
515 2238 551 2302 S.
568 2238 641 2300 see.
660 2245 685 2300 t.
703 2243 753 2316 30,
772 2259 804 2320 p.
823 2242 893 2319 276,
913 2239 954 2300 ad
965 2240 1015 2314 a.)

198 2311 228 2396 d)
249 2321 367 2384 Nullae
384 2323 470 2382 aliae
483 2323 525 2382 ab
541 2322 691 2401 erigente
704 2321 943 2384 communicari
957 2324 1097 2402 possunt
1110 2315 1241 2378 confra-

156 2401 306 2464 ternitati
335 2401 557 2484 irrdelgente‘ea
589 2409 724 2487 praeter
754 2423 811 2465 eas
842 2422 927 2484 quae
958 2404 991 2463 in
1023 2401 1113 2466 hunc
1142 2399 1242 2460 finem

156 2481 279 2546 fuerint
297 2505 488 2548 concessae.
506 2487 703 2567 Requiritur
719 2497 832 2549 autem
848 2485 1005 2568 specifica
1021 2491 1055 2545 et
1071 2481 1242 2568 individua

155 2567 279 2628 mentio
296 2568 520 2649 singularum.

160 2719 161 2723 η
195 2649 372 2728 e)Stetete‚
400 2651 535 2730 siquae
562 2652 628 2714 sint
651 2651 785 2715 condita
809 2652 888 2729 (non
918 2654 997 2711 sunt
1024 2647 1240 2723 essentialia),

155 2731 290 2810 probari
307 2734 428 2794 debent
443 2734 624 2816 Episcop0‚
643 2737 699 2815 qui
715 2735 832 2796 eadem
856 2733 1027 2812 corrigere
1044 2737 1166 2810 potest.

197 2815 224 2889 ζ)
242 2814 372 2874 Gratiae
389 2821 416 2875 et
435 2816 646 2898 indulgentiae
669 2817 936 2878 communicatae
962 2809 1242 2876 Confraternitati

155 2892 278 2954 debent
301 2897 392 2972 prins
415 2897 457 2956 ab
481 2899 649 2978 Episcopo
674 2899 833 2977 cognosci
853 2917 953 2976 quam
971 2897 1239 2977 promulgentur.

198 2975 227 3050 η)
244 2973 512 3038 Confraternitas
534 2977 732 3058 eleemosynas
756 2980 912 3059 excipere
929 2987 962 3040 et
979 2997 1120 3057 erogare
1145 2975 1242 3037 debet

159 3054 284 3136 «juxta
300 3055 443 3118 formam
461 3078 519 3138 per
534 3059 750 3122 Ordinarium
768 3060 1066 3142 praescribendam
1085 3059 1095 3094 ³
1113 3085 1141 3121 ‚a

198 3139 224 3215 e)
254 3139 407 3201 Litterae
435 3140 613 3202 erectionis
641 3142 742 3223 gratis
772 3141 907 3203 omnino
934 3147 1012 3202 sunt
1042 3140 1182 3215 dandae,
1214 3138 1241 3199 si

157 3219 271 3282 demas
297 3241 461 3303 expensas
490 3247 503 3276 «
534 3242 594 3303 pro
621 3244 836 3305 pergamena,
866 3223 1046 3304 scriptura,
1075 3234 1153 3298 etc.‚
1181 3239 1242 3302 pro

156 3303 275 3383 quibus
292 3325 358 3366 non
375 3306 452 3366 licet
468 3307 621 3384 accipere
637 3309 726 3368 ultra
743 3329 782 3385 30
799 3306 938 3369 libellas.
960 3332 973 3360 »

198 3389 219 3464 ι)
241 3387 382 3449 Praeter
412 3387 612 3460 nullitatem
640 3389 805 3451 statuitur
832 3408 872 3449 eo
902 3390 973 3468 ipso
1001 3391 1120 3447 contra
1146 3385 1244 3446 aliter

157 3470 323 3548 erigentes
354 3469 499 3551 privatio
530 3470 630 3532 officii
658 3471 704 3548 (in
734 3472 851 3533 ordine
881 3472 923 3532 ad
954 3468 1158 3530 erectionem
1191 3467 1244 3528 vel

157 3551 444 3632 aggregationem)
461 3560 493 3613 et
511 3553 730 3615 inhabilitatis
746 3560 942 3615 reservatae
960 3551 995 3614 S.
1013 3551 1179 3613 Pontifici.

197 3654 227 3711 3.
244 3634 414 3696 Erectiom's
436 3635 482 3696 vis
504 3639 532 3695 et
553 3634 682 3716 effictas.
699 3637 880 3698 Erectione
896 3636 987 3696 lacta
1002 3654 1020 3694 e
1038 3632 1133 3715 sepite
1149 3630 1243 3695 Orde'-

187 3851 365 3907 loenaurlr,
393 3861 428 3900 38.

184 3909 194 3942 ’ἲ
212 3872 390 3956 Severiorem4
399 3908 566 3957 arbitramur
588 3909 839 3968 interpretationem
866 3908 945 3954 Nouo.
972 3907 1029 3954 Rev.
1051 3907 1144 3962 Theoi..
1165 3911 1183 3954 t.
1206 3915 1242 3964 3ο,

156 3975 182 4018 p.
196 3971 231 4016 80.
252 3979 305 4024 qua
324 3967 413 4014 minus
431 3967 466 4014 ad
482 3967 698 4026 uniuscujusque
714 3967 764 4014 loci
782 3965 973 4014 condicionem
989 3978 1071 4024 qnam
1087 3965 1245 4013 admodum

156 4022 429 4122 qupfonlraternitas
438 4024 466 4072 in
474 4025 550 4073 Urbe
561 4025 735 4072 constituitur
742 4025 809 4072 foret
819 4022 1030 4082 respiciendum.
1038 4023 1095 4070 Csr.
1105 4022 1243 4082 Beringer,

181 4113 185 4120 ·
228 4095 248 4124 2.

158 4089 281 4192 p3Errr'gi
291 4136 366 4184 nulla
381 4145 470 4196 potest
484 4139 602 4198 pecunia
617 4139 668 4187 nisi
679 4154 726 4199 per
738 4137 1054 4203 modumeleemosynae
1071 4137 1108 4202 ad
1119 4151 1245 4196 compen-

155 4191 254 4256 sandos
265 4202 390 4259 sumptus
402 4197 559 4260 Missarum,
572 4204 622 4245 etc.
637 4199 671 4245 Et
682 4199 793 4246 omnino
801 4205 841 4244 est
853 4208 881 4241 tn
893 4202 962 4244 votis
975 4197 1002 4244 S.
1014 4195 1092 4259 Sedis
1104 4202 1133 4260 nt
1145 4209 1247 4255 paupe-

125 4291 127 4296 .
155 4247 274 4314 rioribus
293 4251 471 4300 nthilominus
490 4263 582 4312 pateat
600 4269 735 4303 accessus.
755 4255 832 4304 Aliae
853 4262 945 4301 tamen
965 4251 1182 4304 contributlones
1199 4267 1246 4300 seu

155 4307 311 4366 largitiones
329 4310 358 4356 in
376 4310 437 4369 pios
457 4326 522 4359 usus
541 4312 725 4361 commendari
746 4314 846 4368 valent,
873 4312 954 4360 modo
973 4311 1003 4375 in
1024 4310 1066 4376 his
1087 4310 1247 4376 colligendis

155 4374 294 4414 serventur
302 4368 373 4428 leges
382 4370 566 4429 praescriptae
575 4371 690 4420 Statutis
699 4369 879 4430 dioecesanis,
887 4370 928 4418 vel
938 4369 1101 4418 Ordmarrus
1109 4379 1246 4420 annuerit.

155 4421 210 4470 Cfr.
226 4425 479 4485 TractatsMeclrlin„
492 4442 519 4487 p.
533 4437 584 4478 106.

1311 597 1458 644 Litterarum

1292 653 1374 716 forma
1384 669 1391 707 .·

1326 1093 1449 1144 Numerus,

1325 1259 1441 1304 Assensus

1297 1315 1417 1375 Episcopi.

1330 1652 1450 1711 Exceptio.

1332 2317 1456 2377 Indulgen-

1272 2418 1274 2422 .
1300 2377 1355 2423 tiae.

1325 2653 1433 2700 Stetere.

1325 2791 1449 2850 Indulgen-

1301 2852 1388 2895 tierum
1406 2855 1457 2908 pro·
1506 2870 1509 2875 ·

1299 2907 1422 2965 malgerio.

1328 2988 1456 3047 Eleemosy-

1296 3061 1347 3093 nere.

1327 3129 1400 3175 Tarra
1420 3127 1458 3174 di·
1530 3095 1532 3102 Α

1293 3186 1411 3246 plantatis.

1326 3399 1426 3445 Poenae.

1320 3647 1458 3716 ΙΕνειίίοηίε

1298 3720 1344 3754 ers.
