3142 5004
116 526 118 529 ’
160 531 201 579 Ad
218 545 290 578 esserr-

136 592 195 638 lirun
208 588 292 649 sufficit

160 809 277 860 Secundus

131 871 230 930 gradus,

153 1759 193 1806 Vei
201 1758 291 1822 tertius.

347 381 406 445 141
634 407 701 442 unns
715 407 836 456 ounnrn.
853 408 948 444 suerro
964 408 1004 445 111.
1021 408 1112 444 cnuur
1127 409 1147 444 11

388 547 477 612 239.
490 547 567 609 Etsi
586 546 768 627 perfectior
781 555 831 609 est
845 547 972 630 primus
984 548 1121 628 graduS,
1139 545 1307 608 secundus
1320 549 1436 606 tamen

349 636 382 690 et
400 629 520 692 tertius
537 634 653 692 valent
671 629 861 712 quempiam
891 631 923 693 in
953 639 1046 692 statu
1071 627 1286 712 perfectionis
1312 627 1436 690 consti·

348 718 454 774 tuere.
474 713 571 796 Quod
587 713 634 774 ita
650 713 825 776 efficimus.

390 829 417 868 r.
434 807 484 867 De
498 806 629 868 secundo
642 807 770 890 gradu:

388 903 421 978 a)
439 900 492 962 Ex
507 900 695 963 documentis
711 902 864 983 positivis,
890 903 926 966 S.
948 903 1051 965 Sedes
1067 901 1155 964 enim
1170 897 1322 964 definivit
1337 899 1434 960 scho-

346 983 484 1046 lasticos
512 984 547 1046 S.
575 985 620 1068 J„
648 985 704 1065 qui
731 986 795 1048 hoc
824 993 966 1048 utuntur
1000 985 1172 1065 regimine,
1200 997 1292 1045 esse
1301 981 1434 1063 proprie

349 1067 549 1148 Religiosos.
567 1069 612 1130 Et
629 1087 705 1128 cum
721 1069 893 1130 recentius
918 1069 1025 1130 simile
1041 1068 1119 1146 quid
1134 1066 1327 1129 traductum
1343 1064 1387 1125 sit
1402 1064 1435 1125 in

349 1149 545 1231 simpliciter
562 1151 734 1231 professos
751 1151 975 1232 Religionum,
994 1149 1145 1232 profecto
1160 1146 1267 1211 noluit
1281 1145 1435 1210 Ecclesia

349 1232 397 1294 eis
413 1233 562 1296 adimere
581 1239 709 1295 statum
725 1235 953 1315 perfectionis

389 1329 422 1406 b)
438 1329 492 1388 Ex
507 1327 636 1390 ratione.
662 1327 727 1411 Qui
743 1337 845 1390 vovet
867 1330 958 1391 hunc
981 1330 1124 1410 gradum
1146 1347 1214 1390 non
1234 1324 1356 1388 retinet
1372 1322 1435 1384 nisi

348 1409 591 1494 proprietatem
616 1411 766 1490 ligatam,
791 1431 888 1490 quae,
919 1418 1008 1494 quod
1034 1412 1077 1473 ad
1100 1411 1227 1472 licitum
1249 1427 1357 1478 usum,
1383 1411 1434 1466 est

348 1493 443 1572 quasi
459 1513 526 1555 non
551 1502 653 1555 esset.
679 1494 793 1575 Quare
816 1496 902 1556 tollit
917 1516 938 1556 a
954 1493 1160 1578 proprietate
1180 1511 1251 1554 eam
1268 1491 1430 1551 rationem

347 1594 414 1653 qua
440 1584 491 1636 est
521 1575 815 1654 impedimentum:
839 1577 895 1658 jus
922 1578 996 1639 dico
1026 1575 1223 1656 disponendi
1251 1574 1290 1636 de
1319 1570 1431 1642 rebuS,

348 1666 486 1738 propter
502 1660 590 1737 quod
606 1657 715 1739 ipsum
733 1660 915 1721 dominium
932 1661 968 1722 lit
984 1658 1163 1740 appetibile
1179 1657 1202 1719 ¹.
1392 1734 1398 1746 ι

389 1758 420 1800 2.
443 1741 496 1801 De
518 1740 607 1802 tertio
628 1740 744 1823 gradu,
771 1742 811 1804 de
835 1749 900 1822 quo
917 1743 1025 1823 major
1041 1762 1114 1803 esse
1131 1747 1242 1822 potest
1257 1737 1434 1810 dubitatio,

389 1824 422 1898 a)
435 1823 488 1884 Ex
499 1825 630 1886 ratione.
645 1823 710 1906 Qui
724 1844 832 1904 pauca
848 1836 980 1888 tantum
994 1825 1026 1886 in
1043 1844 1142 1886 usum
1155 1841 1251 1884 suum
1265 1819 1368 1883 habet
1384 1821 1436 1880 vel

348 1905 438 1966 licite
462 1906 644 1982 convertit,
670 1925 750 1968 vere
775 1908 901 1978 ,dicitur
928 1927 1068 1990 pauper.
1095 1943 1136 1950 —
1163 1906 1346 1968 Praeterea
1361 1901 1435 1962 finis

349 1989 477 2049 consilii
490 1989 699 2070 paupertatis
713 1990 845 2051 abunde
859 1991 1043 2052 obtinetur.
1055 1987 1202 2064 Etenim,
1220 1997 1258 2048 ut
1281 1991 1436 2048 autumat

349 2069 385 2132 S.
402 2070 467 2133 Th.
487 2093 518 2148 2,
529 2090 559 2146 2,
570 2091 602 2152 q.
617 2078 686 2148 188,
700 2079 766 2133 art.
782 2093 811 2152 7,
827 2072 948 2153 triplex
960 2073 1232 2154 impedimentum
1248 2067 1346 2130 affert
1361 2086 1436 2158 pos·

349 2154 455 2216 sessio
478 2154 665 2217 bonorum:
691 2174 827 2216 aurorem
851 2155 1056 2232 diviliarum,
1085 2153 1270 2215 occasionem
1295 2148 1437 2212 elationis

348 2256 408 2299 seu
438 2257 535 2298 uanae
562 2236 694 2319 gloriae,
725 2235 976 2300 sollicitudinem.
1014 2237 1089 2320 Jam
1120 2255 1179 2316 per
1211 2233 1436 2297 exclusionem

342 2317 485 2399 plurium
502 2319 680 2395 bonorum,
699 2321 783 2382 satis
806 2321 1032 2382 mortificatur
1049 2319 1189 2381 allectus
1205 2321 1246 2380 ad
1262 2319 1334 2400 ipsa
1350 2316 1438 2407 bona

349 2412 386 2461 ut
411 2402 513 2462 libere
541 2403 647 2482 possit
664 2423 700 2462 se
716 2403 849 2464 animus
866 2405 908 2465 ad
923 2404 1033 2465 Deum
1058 2411 1270 2462 convertere.
1286 2399 1436 2474 Etenim,

349 2483 495 2544 tollendo
515 2483 769 2560 abundantiam,
795 2486 877 2546 satis
902 2505 960 2566 per
983 2505 1019 2547 se
1042 2489 1236 2566 amputatur
1257 2499 1370 2548 aurore
1398 2500 1440 2541 ex

349 2564 445 2646 copia
462 2572 594 2627 tantum
612 2566 805 2628 divitiarum
820 2578 854 2629 ct
867 2568 957 2629 fastu
971 2568 1116 2630 habetur
1128 2565 1243 2627 occasio
1258 2581 1355 2624 euriae
1367 2561 1438 2643 glo·

349 2649 427 2708 riae.
439 2646 600 2727 Superest
612 2647 744 2726 quidem
758 2651 933 2713 moderata
947 2649 1123 2712 sollicitudo
1144 2649 1237 2710 Haec
1246 2654 1359 2706 autem
1369 2663 1437 2705 non

349 2730 485 2790 obstat:
504 2748 581 2791 cum
605 2731 741 2791 tandem
765 2732 945 2811 aliquando
968 2732 1066 2794 oniziis
1089 2729 1274 2794 sollicitudo
1294 2727 1334 2788 de
1362 2727 1436 2788 istis

349 2810 451 2872 rebus
467 2812 566 2892 abjici
580 2820 742 2891 nequeat3
758 2814 904 2894 aliquam
920 2815 1008 2877 enim
1022 2815 1110 2897 parit
1122 2809 1437 2894 necessariaprovi-

349 2893 463 2954 dentia
489 2914 575 2974 quae
601 2897 757 2958 ordinato
783 2899 834 2958 sui
862 2917 975 2959 amore
1002 2897 1187 2977 imperatur
1212 2902 1244 2956 et
1268 2892 1438 2974 pertinere

351 2983 464 3056 potest
480 2979 522 3038 ad
535 2977 724 3039 caritatem.
739 2980 792 3041 Ita
805 2989 1046 3059 procuratores
1059 2987 1172 3040 rerum
1190 2974 1385 3040 monasterii
1399 2977 1438 3036 de

350 3058 406 3119 via
428 3059 646 3141 perfectionis
669 3060 803 3124 minime
829 3064 989 3125 decedere
1011 3062 1198 3124 arbitratur
1219 3060 1255 3123 S.
1271 3059 1435 3134 Thomas,

350 3160 426 3202 cum
443 3145 569 3206 virtute
584 3144 737 3205 caritatis
754 3153 892 3226 regatur
908 3166 1024 3208 eorum
1040 3145 1228 3226 provincia.

390 3236 423 3312 b)
439 3236 649 3300 Exhistoria.
673 3238 742 3301 Nec
770 3239 802 3300 in
829 3242 937 3320 prima
965 3239 1138 3301 Ecclesiae
1162 3245 1274 3299 aetate
1296 3239 1436 3318 apparet

350 3317 449 3380 aliam
462 3320 564 3382 fuisse
578 3328 812 3402 paupertatem
828 3323 1072 3384 monachorum
1085 3331 1118 3383 et
1130 3321 1279 3402 ipsorum
1292 3323 1435 3398 Aposto-

349 3402 459 3464 lorum
485 3404 519 3481 ²;
554 3406 658 3465 immo
688 3405 745 3465 vix
772 3414 842 3466 tum
875 3405 940 3466 alia
966 3424 1041 3466 esse
1067 3404 1188 3487 potuit.
1225 3403 1293 3465 Cfr.
1327 3401 1437 3483 ipsum

349 3480 489 3561 Suarez,
507 3489 528 3548 l.
547 3506 577 3548 c.
601 3507 635 3547 n.
656 3508 760 3564 10·13.

389 3579 482 3640 Neve
496 3579 635 3659 objicias
648 3580 753 3641 verba
770 3606 782 3636 «
798 3581 914 3643 Omnis
930 3583 985 3662 qui
1001 3603 1067 3644 non
1085 3571 1263 3644 renunciat
1281 3577 1437 3646 omnibus

350 3681 436 3741 quae
460 3663 607 3741 possidet
626 3681 693 3723 non
712 3671 823 3745 potest
839 3686 934 3726 meus
951 3685 1025 3728 esse
1040 3664 1221 3746 discipulus
1237 3663 1260 3740 ³,
1281 3690 1294 3718 »
1316 3662 1437 3742 quippe

349 3763 434 3823 quae
447 3745 589 3825 jubeant
604 3741 746 3823 offertum
769 3766 843 3808 esse
866 3748 1009 3810 terrenis
1032 3749 1178 3810 solutum
1201 3747 1312 3829 potius
1336 3762 1437 3825 quam

348 3827 438 3912 ipsas
454 3825 576 3888 dimitti
592 3847 658 3890 reS.

379 4111 387 4145 1
398 4110 460 4156 Hac
469 4110 527 4174 ,lere
539 4110 647 4175 ratione
658 4112 813 4177 Apostolus,
826 4112 858 4159 ud
871 4113 926 4160 Gal.
941 4133 963 4168 4.
978 4131 1015 4170 12,
1027 4113 1167 4162 dominum
1178 4112 1225 4174 qui
1237 4114 1289 4162 sub
1300 4111 1440 4162 tutoribus

350 4175 377 4218 et
388 4166 529 4216 actorrbus
541 4177 577 4215 sit
591 4168 660 4216 nihil
671 4183 687 4216 a
698 4183 777 4216 servo
788 4170 897 4218 differre
908 4171 984 4219 dicit.

376 4238 455 4286 ‘³Cfr.
474 4237 548 4286 dicta
562 4237 597 4285 ab
610 4240 742 4298 Apostolo
754 4256 763 4284 1
776 4240 808 4286 ad
821 4241 978 4298 Timotheum,
992 4249 1006 4289 6
1019 4259 1028 4288 r
1042 4240 1183 4290 Habentes
1193 4241 1324 4290 alimenta
1336 4247 1362 4289 et
1378 4241 1440 4302 qui·

347 4295 400 4344 bus
409 4307 532 4357 tegamur
543 4295 586 4343 his
598 4298 718 4344 contenti
731 4297 823 4346 simus.
839 4315 848 4342 i

376 4367 479 4425 ³Apud
491 4368 517 4415 S.
531 4368 647 4424 Lucam,
661 4385 696 4426 14,
708 4376 743 4415 33.
