3138 5014
138 452 320 535 [501-504]
353 475 389 510 ue
406 474 499 510 sacrus
515 472 684 508 nrnrsrrnns
699 472 733 507 ex
749 469 907 506 eoresrnrn
918 443 1065 503 oseaeuna
1165 443 1221 505 311

138 612 202 675 hac
218 630 266 690 re,
295 616 414 674 contra
442 615 542 691 atque
568 609 712 674 diximus
738 610 778 673 de
794 607 1006 690 exemptione
1023 604 1160 687 passiva,
1185 603 1225 666 de

138 695 277 776 singulis
293 693 477 778 privilegiis
489 700 522 760 et
535 692 804 757 immunitatibus
820 699 949 754 certum
967 688 1087 752 afferre
1102 687 1225 750 debent

137 779 391 854 documentum.
430 778 560 857 Itaque,
585 783 623 838 ut
649 775 803 843 vidimus,
835 773 958 836 visitari
984 777 1125 854 possunt
1154 775 1224 831 tam

130 859 286 943 parochus
313 865 347 922 et
360 859 450 941 quasi
468 858 620 941 parochus
634 858 788 942 regularis
803 857 836 920 in
860 857 899 920 iis
926 875 1011 937 quae
1034 853 1077 916 ad
1101 871 1224 915 munus

136 943 306 1026 pertinent
336 943 542 1024 parochiale,
574 961 674 1023 quam
703 939 771 1004 loca
800 960 885 1034 quae
915 939 993 1002 huic
1020 936 1224 1018 deputantur

1278 619 1336 665 quae
1353 610 1412 664 spec·

1281 668 1332 710 tant
1356 675 1437 712 caram

1279 723 1417 768 animarum

1276 778 1428 835 secularium,

136 1044 239 1088 curae
270 1025 292 1088 ².
322 1025 469 1089 Normae
491 1023 696 1087 visitationis
719 1023 924 1087 definiuntur
957 1021 995 1094 C.
1024 1017 1220 1094 Firmaada's,
1320 1093 1323 1100 Ι

136 1112 154 1170 6
171 1127 251 1171 nov.
272 1127 361 1190 1744,
379 1105 554 1171 Benedicti
564 1124 634 1186 xw,
646 1114 680 1169 et
691 1105 895 1170 C.Romaaos
917 1102 1093 1185 Pontifices,
1110 1107 1129 1164 8
1145 1099 1222 1164 maii

138 1195 229 1268 1881,
248 1189 310 1254 SS.
329 1190 454 1253 Leonis
469 1191 529 1273 Pp.
546 1206 620 1254 xm.
1117 1263 1123 1274 ,

176 1272 283 1335 Porro
313 1273 398 1335 haec
428 1271 674 1356 Episcoporum
704 1277 855 1356 potestas
892 1275 943 1332 est
979 1266 1154 1342 ordinama,
1185 1269 1222 1326 ut

136 1353 174 1416 C.
205 1354 392 1418 Firmaade's
421 1364 473 1418 est
503 1356 723 1434 declaratum,
754 1361 856 1437 atque
882 1352 976 1415 etiam
1002 1348 1154 1430 delegata,
1182 1367 1223 1410 ex

136 1435 177 1500 C.
194 1436 405 1501 Inserutabt‘li.

175 1521 244 1582 Nec
270 1519 516 1584 immunitatem
546 1521 763 1603 collegiorum
788 1519 909 1601 quibus
931 1517 1164 1579 adulescentes
1180 1512 1222 1576 ad

133 1598 356 1664 humanitatem
382 1603 620 1681 informantur,
651 1603 805 1667 obtinent
832 1599 952 1664 seaotae
970 1602 1142 1680 pauperum
1168 1597 1221 1659 vel

135 1681 255 1745 scholae
271 1682 480 1747 dominicales.
496 1684 535 1748 C.
553 1686 709 1749 Romanos
722 1684 897 1765 Pontificem

175 1787 206 1829 a.
235 1765 273 1827 la
302 1765 551 1829 administrando
586 1773 779 1830 sacramenta
812 1763 999 1829 secularibus
1035 1764 1221 1844 Regulares

135 1848 318 1910 observare
345 1849 467 1911 debent
493 1853 583 1931 leges
599 1851 828 1913 dioecesanas.
844 1850 889 1912 Et
905 1849 938 1912 in
954 1847 1140 1928 Regulares
1163 1844 1220 1925 qui

136 1930 170 1991 in
187 1929 252 1991 ista
267 1931 557 1996 administratione
583 1933 790 2013 delinquunt,
816 1931 918 1994 habet
932 1929 1120 2072 Episcopus
1136 1928 1221 1990 dele-

137 2020 251 2093 gatam
264 2011 531 2094 jurisdictionem
546 2034 588 2077 ex
603 2014 641 2078 C.
657 2013 803 2098 Gregorii
817 2031 873 2092 xv,
886 2012 1059 2076 Inseratabr
1072 2030 1096 2088 r,
1120 2028 1137 2090 5
1154 2009 1220 2073 feb.

139 2100 229 2159 1622.
247 2095 317 2159 Cir.
333 2095 436 2172 etiam
451 2095 489 2160 C.
509 2096 690 2160 Clementis
705 2113 737 2173 x,
756 2096 905 2177 Semeraa,
923 2115 960 2158 21
974 2094 1048 2176 jun.
1069 2098 1159 2172 1670.

178 2180 266 2244 504.
284 2182 336 2240 De
360 2181 550 2257 Baptismo
566 2190 602 2241 et
625 2180 914 2242 confirmatione.
935 2201 962 2242 1.
980 2177 1080 2239 Nulla
1103 2194 1162 2256 per
1185 2193 1221 2236 se

133 2279 295 2323 concessa
317 2267 396 2323 sunt
412 2262 636 2342 Regularibus
658 2260 834 2343 privilegia
856 2261 898 2322 ad
920 2258 1141 2342 baptizandas
1168 2257 1221 2319 vel

133 2342 381 2406 confirmandas
390 2362 552 2421 personas
565 2363 650 2426 quae
659 2343 724 2407 loci
735 2344 866 2406 ratione
878 2343 1018 2406 alterius
1030 2340 1220 2404 subduntur

128 2424 366 2506 jurisdictioni.
384 2427 519 2510 Quare:
1001 2453 1002 2458 ¹

173 2529 201 2570 2.
221 2508 318 2591 Quod
340 2509 382 2571 ad
404 2508 599 2590 baptismum,
616 2507 752 2590 infantes
764 2508 965 2591 regulariter
980 2507 1024 2570 ab
1038 2504 1119 2590 ipsis
1130 2502 1221 2569 ablui

132 2597 302 2670 nequeunt
324 2590 396 2653 sine
419 2592 582 2655 facultate
598 2593 739 2675 parochi
751 2595 805 2655 vel
820 2590 978 2674 Episcopi
994 2611 1001 2669 3
1019 2608 1123 2652 causa
1139 2607 1220 2650 vero

131 2671 323 2752 baptizandi
339 2672 442 2737 adulti
463 2677 672 2758 plerumque,
697 2696 739 2738 ex
753 2682 834 2739 voto
857 2673 1000 2738 Ritualis
1027 2671 1170 2736 Romani
1186 2678 1220 2733 et

130 2756 266 2819 statutis
296 2755 513 2830 dioecesanis
532 2767 583 2821 est
598 2759 642 2822 ad
656 2757 862 2842 Episcopum
878 2756 1070 2821 deferenda.
1097 2753 1167 2818 Cir.
1184 2772 1218 2817 v.

130 2856 181 2914 gr.
199 2837 325 2900 Statata
342 2838 586 2919 Mechlim'easa'a,
602 2861 635 2904 n.
653 2861 725 2921 227.

167 2937 226 2996 Ubi
240 2958 309 2996 vero
322 2941 419 2998 desint
432 2947 540 3016 proprii
556 2955 688 3017 pastores
712 2948 758 3004 vel
783 2947 867 3020 quasi
890 2955 1032 3018 pastores,
1057 2943 1219 3017 Regulares

130 3031 268 3094 cooptare
282 3033 416 3094 possunt,
431 3027 554 3083 servatis
569 3028 730 3099 servandis,
744 3031 856 3103 eosqui
869 3029 961 3085 velint
973 3027 1063 3100 recipi
1074 3026 1104 3083 in
1117 3025 1218 3083 Eccle-

130 3105 206 3162 siam
228 3117 281 3162 aut
302 3123 355 3178 pro
374 3105 443 3166 filiis
457 3119 559 3182 petant
585 3111 775 3183 ingressum:
799 3130 836 3168 ex
857 3110 996 3168 facultate
1015 3126 1154 3182 expressa
1171 3110 1217 3165 vel

130 3189 218 3246 tacita
231 3190 262 3246 in
273 3189 415 3248 missione
428 3193 466 3249 ad
480 3193 546 3248 illas
560 3202 651 3252 terras
663 3195 787 3266 inclusa,
803 3205 833 3253 et
845 3196 931 3252 titulo
943 3193 1136 3257 necessitatis,

172 3308 202 3366 3.
216 3286 420 3370 Comirmate'o
433 3294 564 3371 spectat
576 3289 617 3350 ad
628 3290 824 3375 Episcopum,
841 3310 900 3354 nec
912 3295 1054 3374 possunt
1063 3287 1218 3370 Praefecti

129 3369 289 3462 apostolici
311 3370 383 3433 sine
398 3371 535 3453 speciali
551 3372 680 3436 indulto
696 3374 731 3439 S.
750 3375 846 3438 Sedis
861 3378 1111 3436 sacramentum
1127 3372 1216 3436 istud

131 3460 336 3516 ministrare.

169 3536 341 3600 Interdum
383 3541 507 3614 tamen,
544 3537 576 3600 in
612 3537 803 3621 regionibus
829 3537 1023 3615 infidelium,
1055 3534 1216 3620 peculiari

130 3617 166 3680 S.
183 3618 279 3680 Sedis
295 3619 530 3682 commissione
543 3619 627 3684 haec
644 3620 723 3702 ipsis
737 3621 897 3684 tribuitur
913 3621 1069 3684 facultas.

169 3723 199 3781 4.
217 3702 356 3764 Munere
365 3701 489 3784 patriai
503 3704 737 3784 prohibentur,
755 3705 818 3767 nisi
833 3704 958 3767 fuerint
981 3699 1140 3784 Episcopi
1154 3707 1215 3763 aut

128 3792 379 3846 sacramentum
406 3783 505 3847 alteri
521 3785 682 3867 Regulari
694 3785 781 3850 forte
798 3786 1036 3850 conferendum
1065 3783 1120 3848 sit.
1144 3783 1213 3847 Rit.

127 3865 219 3928 Rana.
247 3866 354 3929 Decet
381 3869 500 3929 saltem
528 3875 564 3929 ut
587 3869 673 3932 idem
699 3871 901 3932 observetur
929 3871 971 3932 ab
998 3868 1037 3931 iis
1064 3868 1119 3949 qui
1145 3869 1214 3930 lato

128 3964 228 4010 sensu
255 3957 334 4012 sunt
351 3951 536 4025 regulares.
561 3953 669 4015 Immo
692 3953 780 4016 ratio
802 3951 1037 4035 prohibitionis
1053 3970 1158 4032 aeque
1180 3950 1213 4013 in

129 4045 186 4088 eos
199 4034 369 4121 convenit.
384 4032 497 4115 Quare
511 4040 589 4096 sunt
605 4034 661 4116 qui
677 4035 868 4098 existiment
880 4055 987 4114 aeque
1001 4036 1066 4097 hoc
1083 4033 1214 4097 muneri

127 4127 236 4171 arceri
252 4114 382 4176 sodales
395 4116 678 4197 Congregationis
695 4119 871 4199 religiosae
886 4119 910 4182 ².
928 4120 1085 4182 Praestat
1101 4127 1213 4180 tamen

127 4249 471 4265 ——Q

158 4319 163 4353 ¹
180 4316 363 4378 Excipiuntur
374 4325 464 4371 tamen
480 4324 554 4375 dicto
565 4326 656 4386 capite
671 4325 839 4381 Tridentino,
857 4327 991 4376 domusin
1010 4326 1111 4388 quibus
1122 4329 1214 4390 capita

128 4376 263 4424 Ordinum
276 4393 285 4422 r
299 4378 390 4445 sedem
401 4381 568 4432 ordinariam
578 4385 761 4446 principalem
771 4385 874 4435 habent
888 4403 907 4435 ι.
921 4387 976 4436 Clr.
991 4389 1062 4444 Piat,
1075 4401 1105 4444 11,
1119 4397 1154 4436 ιε.

156 4438 166 4470 ‘2
183 4435 239 4482 Cir.
252 4436 375 4483 lllomtore
382 4437 557 4498 Ecclesiastico,
570 4456 697 4502 v111,1,p.
710 4450 759 4492 165.
799 4483 802 4488 .

1283 1470 1437 1518 Nominatim

1275 1528 1367 1576 scholas
1379 1533 1435 1588 pau·

1272 1591 1353 1645 perum
1362 1587 1396 1633 rel

1275 1641 1408 1691 dominica-

1275 1701 1319 1752 les:
1485 1761 1486 1766 1

1304 1783 1339 1830 Et
1350 1785 1375 1830 in
1386 1781 1435 1830 dis·

1272 1841 1392 1901 pensando

1275 1899 1416 1947 secretariam

1275 1961 1432 2005 sacramenta.

1303 2177 1434 2242 Nullapri·

1275 2237 1361 2293 vilegia
1379 2241 1434 2295 oup-

1276 2293 1370 2340 rixandi
1387 2295 1421 2341 uel

1274 2349 1417 2454 §refirmen-

1292 2422 1310 2456 ι.

1274 2508 1434 2570 Debaptismo

1275 2565 1431 2626 insentatas

1274 2625 1417 2676 adultorum.

1302 2944 1365 3006 Quid
1375 2948 1398 2992 si

1273 3002 1432 3064 desentpasto·

1273 3062 1328 3128 rer?

1294 3302 1433 3370 DrConytr.

1271 3367 1383 3410 matrone.

1297 3724 1430 3772 Demeam

1265 3785 1371 3845 patrini.
