3142 5004
174 556 293 617 Adjuncla

145 616 226 674 quibus
257 617 301 660 mi-

146 674 303 721 nuilursacri·

146 731 201 789 legii
219 732 301 789 gravi·

146 795 191 836 tas.

359 386 417 450 160
647 407 714 442 raus
730 407 851 453 quanm.
869 406 964 442 suerro
980 407 1020 442 111.
1039 407 1130 442 cnrur
1146 407 1166 444 11

400 545 489 607 266.
519 541 614 604 Sicut
639 539 808 621 adjunctis
831 539 867 601 fit
891 545 928 601 ut
953 539 1061 620 major
1087 540 1281 624 requiratur
1303 544 1445 607 materia

358 626 400 687 ad
416 644 555 705 gravem
580 624 749 705 injuriam,
775 623 822 683 ita
846 625 942 702 plura
959 641 1044 700 quae
1060 621 1171 683 facere
1187 626 1296 685 solent
1312 625 1445 688 Praela-

358 716 430 771 tum
454 708 563 769 minus
587 707 741 778 invitum,
767 712 952 766 extenuant
975 705 1178 784 gravitatem
1201 707 1382 788 sacrilegii,
1400 711 1445 772 ita

357 800 394 852 ut
421 791 549 870 majore
576 789 618 851 ad
648 789 746 852 letale
775 794 952 868 peccatum
987 807 1070 867 opus
1102 787 1144 848 sit
1169 789 1360 868 quantitate
1384 793 1443 866 rei,

358 875 454 936 Haec
479 892 581 954 porro
606 880 684 934 sunt
707 890 740 932 u.
765 889 837 949 gn:

402 980 428 1020 1.
448 955 482 1017 Si
506 966 630 1036 agatur
643 955 682 1014 de
696 951 852 1014 esculentis
867 957 895 1012 et
906 955 992 1030 potu,
1008 951 1207 1032 praesertim
1224 955 1266 1016 ad
1287 975 1443 1036 praesen-

358 1046 423 1102 tem
452 1037 598 1114 religiosi
626 1056 735 1098 usum.
752 1037 863 1097 Minus
880 1036 968 1103 enim
984 1035 1068 1096 haec
1087 1035 1301 1098 abducuntur
1323 1039 1366 1100 ab
1382 1061 1445 1102 usu

358 1122 412 1183 cui
428 1141 469 1182 ex
484 1123 660 1181 voluntate
677 1118 869 1199 Superioris
886 1126 964 1178 sunt
982 1119 1188 1197 deputanda.
1207 1119 1278 1181 Nisi
1294 1141 1376 1200 ergo
1393 1144 1445 1201 res

300 1229 303 1234 ·
357 1204 444 1266 foret
460 1201 730 1264 extraordinaria
755 1207 788 1261 et
811 1200 1002 1282 pretiosior,
1029 1200 1060 1259 id
1078 1220 1141 1261 non
1159 1201 1222 1263 erit
1238 1221 1355 1281 grave.
1375 1205 1445 1269 Cfr.

170 2684 304 2729 Ponam

146 2741 273 2787 coalescunt

146 2798 281 2855 sacrilegia.

146 3282 183 3327 De
193 3283 305 3328 comitan-

147 3344 167 3384 te
174 3340 302 3399 injustitia.

179 3603 262 3650 Variis

146 3662 252 3720 exemplis
267 3660 303 3706 dr·

149 3725 295 3764 monstratur

145 3777 304 3822 hanccausnm

146 3848 161 3878 a
173 3833 304 3890 =sacrtlegio

146 3905 192 3936 esse
216 3891 302 3938 distin-

143 3949 266 4007 guardam.

359 1286 397 1349 C.
416 1288 455 1347 de
471 1287 580 1365 Lugo,
600 1306 633 1346 n.
655 1291 723 1364 178.

400 1392 429 1431 2.
449 1369 483 1430 Si
501 1388 582 1428 usus
599 1369 776 1443 duntaxat,
795 1386 863 1426 non
879 1373 1001 1426 'autem
1027 1365 1210 1427 dominium
1237 1377 1443 1450 usurpatur:

358 1459 439 1512 tunc
470 1451 558 1511 enim
587 1471 653 1510 non
685 1451 732 1510 rei
767 1452 825 1510 sed
859 1467 941 1509 usus
973 1455 1025 1509 est
1055 1447 1316 1511 considerandus
1347 1455 1444 1515 valor

358 1535 397 1596 C.
415 1534 462 1606 ¹de
486 1534 594 1612 Lug0,
624 1552 691 1612 177.

400 1638 429 1694 3.
458 1617 564 1677 Multo
592 1617 699 1694 major
729 1613 901 1694 quantitas
933 1613 1129 1692 requiritur,
1162 1634 1237 1675 cum
1267 1615 1445 1696 religiosus

359 1699 515 1778 disponit,
534 1698 605 1758 sine
623 1699 816 1758 necessaria
839 1698 988 1772 licentia,
1014 1698 1053 1757 de
1081 1697 1177 1759 bonis
1199 1715 1342 1776 quorum
1358 1701 1446 1763 licite

358 1781 541 1844 dominium
569 1791 696 1842 servat.
724 1780 752 1841 T
758 1799 820 1840 unc
848 1781 936 1840 enim
964 1799 1033 1842 non
1064 1789 1135 1840 tam
1165 1798 1219 1839 res
1250 1799 1350 1860 quam
1375 1785 1445 1866 ipsa

358 1863 550 1924 distributio
580 1883 639 1922 seu
670 1861 918 1923 administratio
946 1870 1149 1938 usurpatur,
1177 1872 1211 1922 et
1237 1865 1264 1923 si
1288 1883 1368 1926 usus
1401 1867 1443 1926 sit

357 1947 493 2027 pietatis
510 1965 594 2026 opus
611 1946 664 2004 vel
688 1944 765 2024 qnid
788 1945 906 2019 simile,
924 1945 981 2006 vix
1004 1945 1140 2027 grauiter
1157 1945 1282 2006 invitus
1300 1958 1363 2008 erit
1385 1969 1442 2030 per

358 2049 393 2090 se
425 2029 598 2109 Superior.
636 2028 752 2109 Quare¹
779 2028 833 2088 hic
864 2027 960 2088 nobis
990 2029 1123 2088 videtur
1153 2027 1305 2089 severius
1335 2031 1445 2093 dicere

358 2110 522 2188 Genicot,
539 2128 575 2187 11,
602 2117 652 2190 98.
1435 2117 1439 2188 j

399 2218 430 2276 4.
459 2196 653 2269 Praeterea,
679 2191 705 2252 si
730 2199 843 2253 tamen
867 2193 1011 2254 accedas
1034 2193 1076 2254 ad
1099 2195 1304 2256 sententiam
1328 2215 1445 2273 eorum

358 2279 414 2357 qui
439 2277 614 2338 materiam
639 2276 854 2337 considerant
878 2279 1050 2355 comparate
1069 2295 1197 2357 grauem
1214 2277 1236 2353 ¹,
1260 2279 1365 2339 levior
1387 2298 1446 2360 per
1554 2323 1555 2356 ,

358 2378 394 2420 se
410 2360 474 2419 erit
497 2364 596 2439 culpa
612 2359 651 2431 si,
669 2377 709 2417 ex
725 2361 826 2418 rebus
851 2358 1098 2434 communibus,
1117 2358 1230 2421 illicite
1247 2380 1362 2422 sumas
1387 2362 1447 2424 tibi
1475 2360 1477 2364 ’
1554 2373 1555 2394 ¹

358 2443 412 2501 vel
438 2441 599 2501 iratribus
626 2440 775 2520 ejusdcm
802 2441 920 2500 domus
949 2461 1047 2520 quam
1075 2442 1102 2501 si
1133 2443 1313 2517 extrancis,
1343 2445 1395 2503 vel
1419 2444 1446 2504 si

359 2543 456 2584 usum
475 2523 627 2583 intendas
644 2521 759 2582 utilem
783 2523 927 2600 quamsi
944 2543 1081 2586 vanum.
1099 2523 1169 2586 Clr.
1187 2524 1226 2584 de
1248 2525 1346 2603 Lugo
1363 2526 1393 2586 d.
1412 2548 1443 2604 3,

359 2611 560 2685 n.173·176.

400 2689 488 2750 267.
514 2687 673 2764 Quaeres
700 2685 740 2746 de
764 2689 1005 2748 coalescentia
1032 2687 1221 2770 hujusmodi
1248 2689 1444 2769 sacrilegio-

360 2769 463 2830 rum?

400 2853 441 2912 R.
459 2850 541 2924 Nisi,
559 2851 601 2911 ab
625 2850 731 2926 initi0‚
756 2852 911 2912 consulto
927 2853 1058 2914 modica
1074 2853 1219 2935 accipias
1236 2873 1311 2916 cum
1332 2855 1445 2917 animo

359 2932 593 3014 progrediendi
630 2933 673 2994 ad
710 2934 888 2995 materiam
925 2953 1076 3014 gravem,
1122 2940 1175 2998 vel
1212 2958 1253 2998 ex
1294 2937 1448 3019 pluribus

359 3017 504 3077 servatis
530 3024 728 3077 concrescat
751 3016 866 3095 gravis
897 3020 1005 3094 valor,
1038 3020 1215 3100 sacrilegia
1241 3041 1357 3102 parva,
1384 3023 1448 3081 etsi

359 3118 459 3179 saepe
482 3100 636 3178 repetita,
659 3104 728 3160 non
752 3101 910 3160 videntur
934 3103 1124 3164 coalescere
1151 3105 1198 3166 ita
1224 3115 1261 3169 ut
1286 3105 1328 3165 ob
1357 3105 1446 3164 hane

360 3202 497 3243 causam
514 3183 597 3244 fiant
614 3183 743 3261 gravia.

400 3268 489 3330 268.
514 3267 634 3326 Restat
659 3272 694 3324 ut
718 3263 867 3324 dicamus
891 3264 930 3325 de
947 3276 1048 3326 reatu
1071 3270 1247 3330 adversus
1266 3269 1444 3346 justitiam

360 3349 414 3428 qui
431 3367 531 3430 saepe
549 3349 732 3409 comitatur
746 3347 907 3408 malitiam
924 3349 1103 3428 sacrilegii.

404 3454 431 3492 1.
449 3433 547 3493 Prius
573 3432 734 3491 observes
756 3429 873 3489 ambas
891 3432 952 3491 has
970 3451 1090 3493 causas
1106 3452 1179 3493 esse
1193 3434 1310 3504 ¹sedulo
1327 3432 1445 3493 distin-

359 3514 520 3592 guendas.
536 3513 622 3573 Fieri
639 3512 726 3572 enim
740 3520 849 3591 potest
865 3532 872 3572 ε

401 3597 433 3672 a)
451 3596 495 3658 Ut
511 3596 553 3655 sit
568 3592 687 3674 injurio
703 3593 767 3653 sine
781 3593 956 3676 sacrilegio,
974 3595 995 3657 i.
1014 3615 1042 3656 e.
1061 3597 1132 3658 sine
1149 3597 1218 3657 voti
1235 3596 1418 3660 violatione
1435 3614 1444 3660 t

359 3687 441 3757 puta
465 3677 512 3737 rei
535 3676 664 3736 alienae
687 3676 802 3737 inferri
826 3679 985 3738 damnum
1009 3679 1184 3740 exanimo
1206 3680 1347 3744 nocendi
1372 3680 1446 3742 sine

358 3759 512 3842 propriae
527 3758 681 3820 utilitatis
696 3759 982 3838 consideratione,
998 3760 1125 3823 furtum
1138 3761 1210 3823 fieri
1220 3783 1295 3824 cum
1308 3763 1446 3824 licentia

359 3841 565 3920 superioris3
1438 3855 1441 3894 ἰ

401 3924 432 4001 b)
449 3924 494 3986 Ut
507 3923 550 3984 sit
565 3921 764 4004 sacrilegium
778 3922 843 3984 sine
858 3923 1000 4004 injnrr'a,·
1016 3946 1049 3988 v.
1064 3946 1115 4006 gr.
1133 3953 1145 3981 α
1167 3925 1250 3988 Cum
1267 3927 1447 4007 religiosus

358 4006 455 4067 alteri
479 4006 581 4067 tradit
604 4008 692 4084 quod
714 4005 777 4067 sibi
802 4008 1002 4086 permissum
1027 4018 1100 4070 erat
1123 4029 1343 4086 consumere;
1370 4030 1449 4072 cum

359 4109 556 4151 concessum
573 4088 635 4150 sibi
651 4087 683 4149 in
701 4099 830 4150 certum
847 4110 945 4153 usum
966 4091 1026 4170 (rei
1050 4093 1306 4172 destructivum)
1322 4103 1449 4174 expen-

373 4311 393 4414 ὂ]
407 4309 484 4412 illaec
500 4309 573 4356 enim
584 4309 712 4357 videntur
728 4311 888 4372 negligenda
903 4326 961 4360 esse
972 4312 1012 4361 eis
1024 4313 1070 4374 qui
1086 4313 1238 4374 respiciunt
1248 4315 1284 4362 ad
1300 4313 1445 4380 materiam

356 4381 370 4413 a
387 4381 412 4412 so
424 4383 437 4412 u
449 4383 459 4413 e
470 4381 589 4426 gravem.
