3138 5014
296 447 297 450 ’
321 430 381 492 96⁶).
690 428 773 484 'enus
788 449 881 484 suurn.
899 437 988 484 clrur
1003 435 1030 484 11'

141 673 171 720 M
249 664 251 670 s
323 606 441 650 eorum
455 605 540 667 quae
553 583 718 728 reditibuls
743 583 921 683 afferendis
946 590 1044 648 erant
1059 584 1227 678 'stabiliter
1239 583 1411 666 deputata.

173 687 270 720 fimum
1395 700 1408 714 -

110 731 220 790 mmo·
325 672 854 832 latgsttqpidlptltplpseppffla’apgztpp·
865 687 1030 747 quaenam
1057 667 1278 778 interdicatur
1306 668 1392 729 Prae

140 849 271 918 collocatio
344 836 456 929 ,439.
481 837 678 927 Collocatio
700 836 870 928 pecuniae
894 852 960 895 non
983 833 1132 914 quolibet
1154 833 1253 896 modo
1273 833 1412 915 permit-

107 912 271 1026 Pmffosa,
327 925 410 982 titur
425 918 602 980 Praelatrs.
626 917 764 980 Servari
786 935 874 978 enim
897 922 1008 998 potest
1031 915 1174 998 pecunia
1192 936 1259 980 non
1275 915 1411 996 quidem

111 980 215 1072 fienda?
327 1003 361 1066 in
383 1021 418 1062 se
434 1000 492 1062 sed
516 1019 682 1062 conversa
704 998 737 1061 in
761 1019 832 1062 rem
855 998 1009 1061 stabilem
1025 1001 1080 1062 vel
1095 999 1179 1061 adeo
1200 999 1409 1080 frugiferam,

326 1089 360 1146 et
386 1083 433 1146 sic
461 1089 554 1146 certa
576 1082 648 1164 ejus
675 1081 771 1165 copia
793 1082 835 1144 ad
858 1101 912 1143 res
938 1081 1078 1145 mobiles
1106 1081 1271 1164 pretiosas
1294 1079 1414 1144 referri

326 1171 438 1249 potest
454 1185 536 1246 quas
548 1166 696 1228 alienare
711 1164 805 1227 nefas
821 1169 884 1228 est.
904 1163 972 1228 Clr.
989 1164 1128 1243 werna,
1143 1185 1176 1228 n.
1196 1187 1210 1226 ,ι
1215 1183 1266 1246 53.
1284 1165 1410 1248 Quare,

327 1256 365 1313 ut
380 1249 495 1331 paucis
517 1249 780 1328 complectamur
795 1247 964 1329 quaejam
982 1267 1023 1309 ex
1045 1246 1216 1330 principiis
1239 1248 1280 1310 de
1308 1246 1415 1309 vetita

327 1331 530 1395 alienatione
546 1331 656 1412 colligi
672 1331 786 1393 valent
802 1336 835 1392 et
862 1329 1106 1393 confirmantur
1130 1329 1299 1415 responsis
1324 1329 1413 1392 Con-

327 1413 561 1498 gregationum
577 1415 631 1476 vel
643 1413 796 1476 doctrina
809 1411 1013 1494 scriptorum
1028 1432 1036 1475 ι

372 1508 399 1562 1.
428 1497 566 1559 Summa
592 1495 710 1558 obtenta
736 1516 772 1557 ex
798 1493 982 1557 alienatione
1010 1495 1151 1578 alicujus
1177 1496 1256 1559 boni
1285 1495 1333 1558 ita
1358 1501 1411 1558 est

327 1579 524 1726 pollocanda
536 1584 573 1641 ut
585 1598 653 1641 non
665 1578 866 1642 detrahatur
879 1597 940 1642 nec
957 1579 996 1641 de
1012 1579 1109 1641 bonis
1121 1599 1181 1642 nec
1198 1579 1238 1643 de
1251 1577 1415 1642 reditibus

345 1661 489 1726 nstituti.
1251 1663 1254 1670 '

370 1745 470 1823 Hinc,
487 1743 623 1806 vendita
639 1763 675 1806 re
691 1742 866 1826 frugifera,
884 1743 1043 1806 obtentae
1067 1745 1229 1828 pecuniae
1245 1745 1413 1808 servanda

328 1833 380 1891 est
396 1827 483 1890 ratio
498 1825 562 1888 uiui
583 1846 642 1888 seu
665 1826 818 1907 capitalis.
844 1825 1030 1912 Conversio
1045 1834 1159 1890 tamen
1175 1829 1208 1892 in
1223 1827 1313 1890 aedes
1327 1827 1412 1890 tall-

329 1910 440 1974 taadas
452 1909 585 1972 videtur
598 1909 735 2002 tolerari
751 1927 861 2001 posse,
876 1909 904 1971 si
920 1909 959 1972 iis
973 1909 1145 1990 indigeant
1162 1911 1320 1992 religiosi,
1338 1929 1414 1973 cum

329 1995 376 2057 sic
393 1998 535 2076 parcant
550 1998 659 2074 pretio
675 1991 908 2054 conductionis
924 1993 1063 2056 alterius
1080 1994 1210 2058 domus.
1230 1993 1300 2057 Cfr.
1317 1993 1415 2057 Pelli·
1457 2029 1460 2035 ·
1554 2025 1555 2032 ,

329 2078 470 2156 tarium,
487 2077 536 2138 De
550 2072 751 2153 Moae'ale'baS,
770 2095 799 2138 c.
816 2096 847 2154 3,
864 2095 898 2137 n.
916 2079 967 2156 64.
992 2077 1087 2159 Quae
1113 2076 1190 2139 licet
1206 2096 1414 2160 comparare,

330 2159 441 2224 licebit
464 2159 564 2222 etlam
588 2176 748 2240 reparare
769 2157 967 2236 sivetusta3
986 2165 1185 2222 nontamen
1208 2158 1415 2243 permittitur

330 2245 503 2389 irpsumere1
524 2241 669 2324 pretium
696 2241 743 2303 rei
769 2240 952 2321 frugiferae
981 2241 1015 2303 in
1046 2242 1327 2323 exstinguendum
1357 2260 1414 2304 aes

331 2345 477 2388 aienum
508 2371 516 2389 .

371 2411 477 2472 Immo
510 2412 635 2488 negant
657 2406 839 2489 scriptores
871 2426 970 2489 posse
1006 2407 1064 2470 tali
1101 2407 1209 2488 pretio
1248 2406 1418 2470 meliorari

331 2492 467 2574 praedia
482 2511 488 2552 :
506 2489 538 2552 id
555 2491 634 2572 ipsis
649 2489 783 2551 videtur
798 2490 895 2551 nimis
912 2489 1011 2552 labile
1026 2496 1129 2570 atque
1144 2490 1322 2554 incertum.

358 2572 520 2666 'Vendita
538 2579 634 2654 parte
650 2571 885 2664 bibliothecae,
903 2575 957 2665 vel
972 2591 1071 2635 sacra
1087 2571 1295 2657 supellectili,
1313 2590 1422 2652 pecu·.

332 2654 606 2799 inalpnpumenda
627 2659 833 2736 praecipitur
868 2674 901 2716 in
925 2655 1148 2720 bibliothecae
1175 2657 1228 2720 uel
1250 2653 1414 2716 ecclesiae

332 2742 404 2800 utri
423 2757 442 2798 a
460 2757 525 2801 em.
1471 2738 1477 2742 ’

371 2841 404 2912 .²·
420 2819 587 2882 Pecuniae
604 2820 783 2901 deputatae
795 2820 964 2902 explendis
988 2820 1159 2905 perpetuis
1181 2822 1236 2884 vel
1251 2819 1433 2883 diuturnis.

332 2901 513 2966 Missarum
527 2903 658 2984 legatis,
665 2903 719 2964 vel
731 2903 870 2966 alendae
883 2903 1019 2966 moniali
1031 2905 1053 2968 i.
1063 2925 1092 2968 e.
1103 2905 1198 2967 dotes
1211 2902 1416 2978 monialium,

334 2984 549 3048 collocandae
575 2994 655 3049 sunt
682 3005 803 3048 secura
830 2992 863 3049 et
887 2987 1063 3050 fructuosa
1091 2987 1222 3050 ratione
1238 2993 1271 3049 et
1288 3006 1348 3069 per
1370 3007 1417 3064 se,

334 3073 496 3148 quantum
508 3073 582 3131 tuto
591 3069 663 3132 fieri
671 3068 773 3146 valet,
785 3069 819 3131 in
828 3069 937 3132 fundis
950 3069 1186 3133 immobilibus
1197 3069 1268 3132 Cfr.
1280 3071 1319 3134 C.
1330 3070 1419 3133 Gen-

333 3151 419 3229 nari,
444 3151 688 3230 Coasaltazioae,
713 3172 745 3235 p.
769 3174 846 3234 3043
871 3152 1003 3230 Lucidi,
1020 3152 1070 3214 De
1091 3151 1266 3215 visitatione
1282 3171 1318 3230 11,
1338 3172 1367 3215 c.
1386 3171 1417 3232 5,

333 3255 367 3379 p).
388 3236 662 3380 rppaptlhbMitius
678 3235 756 3298 olim
764 3237 809 3380 ἓε
825 3235 958 3297 dotibus
972 3235 1197 3318 respondebat
1209 3235 1417 3313 Pellizarlus,

367 3337 382 3377 e
434 3338 646 3396 onaaeaac.
688 3338 746 3392 ,n.
789 3339 815 3378 r.
1417 3343 1419 3348 ·

376 3423 405 3480 3.
422 3401 556 3476 Libere,
575 3401 595 3462 i.
613 3420 642 3462 e.
660 3341 787 3462 titiliter
813 3400 867 3463 vel
893 3400 956 3484 pie,
974 3401 1114 3482 expendi
1130 3403 1270 3481 possunt
1288 3396 1416 3460 reditus

334 3483 498 3545 bonorum
524 3490 558 3544 et
584 3483 744 3566 pecuniae
772 3484 826 3546 vel
852 3503 906 3546 res
934 3484 1100 3565 quaelibet
1127 3483 1160 3545 in
1182 3481 1306 3545 liberos
1333 3500 1416 3543 usus

334 3567 466 3647 legatae
481 3567 534 3627 vel
550 3565 706 3629 donatae.
746 3640 749 3643 .

399 3745 457 3808 IV.
482 3749 534 3807 De
557 3747 836 3825 obligationibus
859 3752 1104 3812 Praelatorum
1128 3748 1347 3828 regularium

334 3894 529 3978 Pellfaarius,
541 3915 682 3982 Manuale,
694 3915 729 3970 tr.
740 3918 764 3979 9,
774 3931 797 3969 c.
809 3917 867 3982 4-7;
877 3918 955 3983 Piat,
970 3917 1182 3982 Praefectloaes,
1195 3914 1257 3979 etc,
1268 3927 1285 3978 1,
1295 3913 1422 3976 593-6133

367 3995 508 4062 Anpelus
521 4008 538 4047 a
550 3994 601 4049 SS.
615 3994 717 4050 Corde
728 3996 869 4060 Manuale,
882 3996 943 4059 etc,
956 3995 975 4048 t.
988 3997 1011 4060 2,
1022 4010 1048 4063 p.
1061 3996 1162 4050 80-104.

122 4154 283 4262 ‘agamede
377 4146 514 4210 440.1.
537 4147 588 4209 De
604 4149 752 4228 generali
775 4149 828 4211 hic
852 4170 919 4213 non
942 4149 1073 4231 agimus
1098 4147 1317 4229 obligatione,
1336 4163 1422 4226 quae

366 4361 373 4395 ¹
386 4358 442 4406 Cfr.
456 4355 640 4412 Pellizarium‚
652 4357 774 4414 Manuale,
787 4361 820 4405 tr.
830 4365 853 4414 6,
866 4366 953 4413 c.8‚u.
966 4377 1003 4416 44.
1016 4365 1053 4416 45,
1066 4356 1114 4418 qui
1124 4361 1216 4406 tamen
1226 4370 1253 4405 n.
1266 4363 1294 4413 43
1306 4352 1422 4402 exstinc-

337 4415 438 4464 tionem
449 4429 545 4463 census
556 4413 639 4463 habet
649 4428 698 4473 pro
709 4415 888 4464 collocatione
901 4417 1041 4476 frugifera.
