3148 5004
145 661 327 748 [Md-220]
453 682 644 720 ruoressmurs
659 635 821 718 reiterasse
835 654 951 718 maruan
1172 661 1227 724 131

145 824 197 886 lta
212 821 337 904 pluries
353 821 562 882 declaratum
580 839 600 880 a
616 819 651 883 S.
671 817 956 900 Congregatione.
975 817 1045 882 Cfr.
1063 818 1230 898 Ferraris,

145 903 302 986 l'rosessio
317 901 481 985 regularis
499 923 533 964 n.
550 924 620 981 109.

186 1009 218 1051 a.
236 986 271 1051 Si
284 997 396 1049 tamen
409 986 592 1047 'accesserit
608 983 754 1064 legitime
767 983 858 1045 facta
873 990 906 1046 et
919 983 1001 1046 satis
1017 985 1233 1067 promulgata

146 1069 342 1146 declarati0,
356 1075 394 1130 ut
407 1067 495 1149 quod
507 1067 549 1129 ad
564 1066 792 1130 Scholasticos
816 1067 996 1129 Societatis
1019 1064 1111 1150 Jesu,
1125 1087 1232 1144 genus

146 1153 312 1234 quoddam
325 1159 375 1213 est
394 1154 552 1230 expressae
566 1148 816 1212 ratihabitionis
842 1149 930 1230 quod
954 1151 1051 1232 plane
1068 1149 1233 1224 ,sufficere

146 1241 269 1319 potest.
286 1233 357 1298 Cir.
373 1232 542 1309 Palmieri,
556 1233 639 1308 Opus
655 1231 746 1293 tlieol.
761 1238 805 1294 tr.
819 1253 849 1311 q,
867 1252 897 1294 e.
920 1253 944 1300 1,
965 1253 998 1295 n.
1012 1235 1064 1294 65.

187 1319 278 1384 218.
302 1318 462 1397 Quaeres
478 1316 517 1376 de
541 1317 611 1376 ritu
627 1316 812 1377 renovandi
828 1321 920 1377 vota.
939 1315 975 1376 S.
993 1316 1132 1377 Rituum
1146 1313 1233 1377 Con·

145 1399 310 1480 gregatio,
328 1398 478 1479 generali
491 1399 628 1459 decreto
646 1416 829 1478 14-27aug.
846 1403 935 1478 1894,
951 1399 1050 1473 hane,
1066 1399 1233 1459 revocatis

146 1483 290 1544 decretis
332 1480 575 1564 superioribus,
613 1481 764 1562 permisit
800 1480 880 1541 inler
915 1479 1047 1542 Missam
1080 1480 1233 1542 adhiberi

146 1566 362 1627 methodum:
392 1589 406 1617 «
436 1562 619 1624 Celebrans
645 1563 686 1625 ad
714 1565 823 1624 altare
850 1581 1035 1624 conversus
1061 1569 1234 1644 exspectet

147 1648 251 1710 donec
270 1651 475 1709 renovantes
491 1653 650 1707 votorum
668 1646 846 1708 formulam
863 1643 1095 1707 renovationis
1111 1646 1233 1708 recita·

147 1728 242 1805 bunt,
257 1750 296 1791 ac
309 1738 427 1811 postea
443 1749 484 1790 ex
499 1729 615 1790 ordine
632 1728 694 1790 SS.
714 1727 845 1809 Corpus
861 1727 996 1790 Domini
1013 1727 1191 1808 accipient.
1218 1755 1231 1783 »

146 1811 244 1875 Prius
278 1818 391 1873 autem
418 1831 518 1890 quant
544 1811 699 1887 recitent,
728 1811 903 1872 celebrans
925 1809 996 1890 jam
1022 1810 1103 1872 dixit
1129 1811 1235 1873 verba

147 1913 233 1975 quae
250 1895 312 1957 dici
325 1900 576 1956 consueverunt
593 1902 671 1956 ante
687 1894 833 1955 fidelium
848 1894 1128 1956 communionem.

187 1979 239 2040 De
255 1978 288 2038 vi
305 1976 401 2038 istius
417 1978 512 2057 legiS,
531 1977 673 2038 redeunt
690 1976 780 2038 dicta
797 1997 830 2038 n.
847 1993 923 2039 211.

188 2061 277 2126 219.
294 2061 455 2140 Quaeres
471 2065 575 2120 tilrnm
587 2080 675 2119 necne
684 2057 842 2138 professiO,
856 2059 995 2138 qztnmm's
1009 2057 1113 2135 irrita,
1127 2057 1235 2138 pariat

153 2140 370 2224 obligationem
385 2143 536 2202 castilatis
551 2140 641 2220 qeinsi
655 2161 691 2200 en
707 2147 775 2201 uoto
789 2140 934 2220 simplici.

184 2263 209 2302 1.
228 2242 281 2303 Ex
296 2243 369 2322 ime
387 2241 525 2321 positivo,
550 2247 579 2318 a)
598 2241 649 2301 nd
670 2261 867 2321 qnoscnmqne
883 2241 999 2322 effeetus
1020 2244 1127 2301 dicitur
1149 2241 1235 2303 nnlln

147 2329 289 2402 professio
304 2327 380 2383 facta
394 2327 478 2383 abeo
493 2327 543 2399 qui
558 2329 669 2382 nonsit
685 2327 717 2384 16
727 2345 823 2383 annos
835 2329 1000 2400 completos
1011 2335 1108 2396 natus,
1124 2329 1171 2385 vel
1185 2347 1236 2402 per

147 2421 266 2485 tempus
279 2429 360 2467 anno
373 2413 475 2468 minus
493 2413 604 2467 steterit
621 2412 651 2468 in
667 2412 840 2484 probatione
854 2423 877 2482 1;
894 2412 940 2468 vel
954 2413 992 2468 ab
1005 2413 1104 2484 ecqui
1119 2413 1149 2469 in
1164 2431 1234 2470 con·

148 2507 237 2563 ventu
266 2514 328 2553 non
355 2497 520 2569 designato,
548 2496 598 2551 ubi
623 2514 698 2570 opus
722 2506 785 2552 erat
815 2497 1039 2570 designatione,¹
1056 2497 1234 2554 novitiatum

148 2581 292 2654 peregerit
302 2591 323 2637 2.

181 2664 212 2740 b)
231 2663 352 2733 Contra,
374 2664 472 2720 valere
496 2664 603 2720 dicitur
625 2673 780 2738 tamquam
805 2675 909 2721 votum
933 2665 1070 2736 simplex,
1094 2663 1235 2737 professio

147 2749 267 2805 alterius
289 2748 454 2823 conjugum
477 2749 528 2821 qui
552 2749 673 2806 alterius
686 2751 816 2806 ¹carebat
834 2767 969 2806 assensu.
994 2749 1028 2807 C.
1050 2748 1190 2824 Quidam,
1207 2765 1233 2822 3,

149 2833 258 2902 Placet,
275 2849 317 2902 12,
333 2830 379 2890 De
391 2830 579 2890 conversione
593 2830 826 2912 conjugatorum
850 2850 894 2904 111,
909 2835 967 2907 32).

184 2920 282 2992 Atque
296 2921 337 2975 ita
349 2917 383 2976 in
398 2917 473 2996 foro
487 2923 605 2979 externo
627 2923 862 2994 respondebitur.
888 2923 980 2979 Extra
1002 2923 1057 2979 hos
1078 2939 1175 2991 casus,
1190 2939 1236 2978 res

148 3001 325 3074 disputatur.
342 3001 450 3076 Dubiis
464 3003 517 3060 fori
529 3007 641 3062 externi
653 3006 767 3061 consuli
782 3007 897 3078 poterit,
908 3016 1056 3078 quatenus
1066 3007 1103 3062 ad
1114 3003 1237 3061 effectus

145 3085 288 3160 juridicos
300 3085 339 3140 sit
352 3101 437 3157 opus
451 3087 673 3157 dispensatione
686 3089 723 3144 ad
737 3090 898 3146 cautelam.

183 3187 211 3227 2.
233 3168 267 3225 In
282 3167 345 3225 foro
365 3178 467 3225 autem
487 3167 614 3240 interno,
631 3190 722 3228 causa
740 3173 840 3228 omnis
852 3173 1017 3229 revocanda
1031 3183 1075 3228 est
1087 3173 1125 3228 ad
1140 3174 1237 3228 inten-

148 3255 261 3311 tionem
282 3253 459 3327 prolitentis,
480 3255 541 3327 qui,
565 3256 655 3312 etiam
670 3257 699 3312 in
719 3258 873 3327 speciebus
892 3258 956 3315 aC.
977 3255 1154 3313 Tridentino
1166 3254 1237 3312 defi-

148 3339 227 3407 nitis,
241 3339 336 3410 potuit
355 3337 493 3393 absoluto
516 3337 624 3394 affectu
638 3358 745 3397 vovere
764 3343 931 3397 castitatem
948 3341 1003 3410 vel,
1030 3340 1060 3396 in
1081 3357 1151 3395 casu
1172 3339 1238 3395 libri

148 3422 361 3492 Decretalium,
385 3439 508 3477 omnem
523 3423 678 3495 repudiare
690 3425 914 3497 obligationem.
930 3424 1111 3495 Plerumque
1124 3433 1236 3488 autem,

148 3516 180 3562 ut
198 3507 285 3563 hodie
307 3517 377 3562 sunt
398 3507 538 3563 homines
559 3506 667 3578 affecti,
688 3510 739 3582 qui
761 3509 975 3582 professionem
1000 3507 1070 3565 facit
1092 3525 1153 3564 non
1176 3505 1239 3562 vult

147 3592 246 3664 aliquo
260 3609 291 3647 se
305 3592 399 3648 teneri
413 3610 492 3648 nexu
507 3593 563 3648 nisi
579 3593 609 3648 in
623 3593 726 3649 ordine
739 3593 776 3648 ad
791 3591 963 3649 Institutum
979 3593 1010 3650 in
1023 3593 1109 3668 cujus
1123 3590 1239 3658 sodales

147 3676 277 3748 cooptari
292 3676 383 3748 cupit.
403 3674 464 3732 Cir.
489 3675 586 3732 Bouix
609 3677 628 3732 l.
643 3695 669 3732 c.
693 3695 719 3732 c.
746 3693 787 3745 11,
805 3695 835 3748 p.
856 3676 910 3750 642
931 3695 995 3750 sqq.
1019 3677 1160 3734 Palmieri
1174 3677 1194 3734 l.
1211 3696 1238 3736 c.

148 3777 177 3817 n.
194 3773 239 3834 75,
255 3761 301 3816 vel
316 3760 393 3830 Piat,
413 3769 434 3816 t.
451 3777 476 3830 1,
492 3778 521 3833 p.
536 3775 654 3834 150-154
668 3761 717 3816 ubi
732 3761 844 3816 multae
857 3759 1070 3818 distinctiones

148 3937 165 4026 §
190 3953 227 4032 3.
257 3930 326 4010 De
354 3929 517 4009 mlione
534 3955 587 4010 ac
615 3927 662 4008 vi
691 3927 987 4036 Professiom‘s
1007 3928 1240 4035 religiosae

190 4123 281 4186 220.
304 4122 331 4183 Ι.
356 4124 407 4180 De
432 4122 658 4181 Professione
681 4122 857 4181 sollemni.
876 4120 1049 4181 Hodierno
1063 4120 1152 4201 jure,
1172 4122 1238 4182 sol-

148 4204 266 4265 lemnis
283 4201 447 4286 professio
463 4222 594 4284 semper
611 4203 761 4265 continet
777 4206 966 4284 contractum
988 4208 1131 4263 mntunm
1150 4223 1237 4283 «qno

146 4285 215 4367 qnis
225 4290 281 4366 per
300 4290 369 4346 uoln
392 4283 563 4353 sollemnia,
588 4306 618 4345 se
641 4286 708 4346 Deo
731 4292 759 4345 et
773 4282 931 4365 Religioni
946 4283 1054 4361 tradit,
1070 4289 1098 4344 el
1112 4283 1237 4366 Religio

147 4368 282 4430 sicusim
310 4366 490 4446 lmjnsmodi
522 4366 722 4430 traditionem
751 4371 885 4446 neeeptnl
914 4385 983 4427 cnm
1019 4386 1106 4427 onere
1136 4367 1237 4447 ipsnm

177 4591 230 4695 lCt,
254 4589 330 4637 Trid.
351 4604 372 4637 a.
394 4595 421 4638 25
440 4590 477 4635 De
494 4587 575 4647 Regni.
596 4602 619 4635 c.
642 4594 678 4636 15.
697 4615 724 4623 -
743 4591 754 4624 ‘2
773 4588 801 4636 C.
819 4585 944 4643 Regulam
961 4583 1156 4643 disciplinaefu,
1175 4581 1235 4628 Cle·

147 4662 210 4696 men
225 4663 246 4696 ts
257 4661 315 4695 vrit.
700 4659 706 4675 ·

1310 2078 1348 2124 De
1357 2078 1447 2136 oblr'ga·

1290 2137 1351 2182 lione
1375 2138 1447 2183 castl-

1290 2194 1347 2239 tatt's
1358 2208 1385 2240 ex
1390 2197 1447 2253 pro-

1284 2250 1388 2311 fessione
1412 2253 1446 2298 ir·

1290 2311 1349 2356 rita.

1303 2391 1336 2438 In
1341 2391 1398 2452 soro
1408 2404 1447 2444 ex·

1292 2453 1365 2500 temo.

1304 3204 1320 3251 Ι
1321 3219 1336 3250 n
1341 3202 1398 3264 fero
1410 3207 1448 3252 ln·

1291 3268 1364 3311 terno.

1316 4146 1449 4206 Profesto-

1288 4207 1450 4252 nissollemnis

1284 4264 1396 4319 praesens
1407 4277 1448 4310 ra·

1292 4321 1334 4368 tio.
