3138 5014
182 1142 289 1202 Capituli

152 1198 235 1248 localis
256 1215 311 1250 con·

152 1261 254 1309 vocatio.

151 1486 249 1546 culpam.

178 1611 276 1660 Loculis

149 1671 247 1729 capituli
267 1675 308 1730 po·

152 1732 230 1777 testas.

175 2279 282 2339 Capituli

145 2336 292 2385 Monialium

143 2409 224 2452 genus,

152 2479 300 2533 Auctoritas,

167 3623 288 3729 (iuaenam

137 3684 163 3730 in
190 3686 210 3729 is
219 3684 295 3730 Insti-

136 3742 296 3790 lulisiabean·

136 3800 296 3860 turcopilula?

145 4285 290 4333 Provincia-

131 4345 162 4390 lis
194 4345 291 4402 capituli

131 4403 204 4458 ratio,

369 441 429 503 Μ),
756 461 822 496 ωε
838 460 932 496 suurn.
951 461 1041 496 cnrur
1057 461 1077 496 11

368 602 547 682 potestate.
565 596 624 659 Sin
640 595 762 675 minus,
778 595 916 659 statutis
938 597 1008 659 suis
1024 595 1151 676 obligat
1167 591 1300 659 omnem
1316 598 1455 678 provin-

368 683 466 745 ciam.
480 681 579 744 Valet
592 680 693 743 etiam
705 683 759 760 per
773 700 803 740 se
819 699 918 742 casus
934 698 1111 742 reservare
1124 679 1156 740 in
1171 685 1244 741 tota
1260 679 1454 745 Provincia.

408 766 471 828 Per
491 783 522 825 se
543 762 657 832 etiam,
685 762 748 824 nisi
771 764 868 824 aliter
890 762 999 824 ferant
1028 761 1309 839 constitutiones,
1334 765 1452 843 quales

368 846 547 912 Societatis
558 846 651 930 Jesu,
669 845 701 908 in
719 844 916 926 provinciali
933 846 1080 927 capitulo
1096 844 1266 926 eliguntur
1282 851 1316 908 et
1331 847 1452 930 deponi

367 935 508 1016 possunt
524 928 686 1011 Superior
701 927 923 991 Provincialis
939 933 973 989 et
990 927 1189 1010 Superiores
1206 929 1342 991 locales

407 1013 507 1076 Valet
518 1009 604 1074 idem
617 1010 800 1093 capitulum
813 1009 978 1092 religiosis
991 1009 1184 1093 provinciae
1196 1011 1344 1074 adimere
1352 1031 1451 1076 usum

367 1093 633 1178 privilegiorum.

407 1177 816 1256 406.111.Decapitu10
831 1176 950 1239 locali.
967 1196 994 1238 1.
1008 1173 1045 1238 In
1061 1173 1267 1254 universum,
1283 1196 1450 1240 convoca-

366 1266 422 1324 tur
437 1259 493 1322 ubi
509 1279 563 1322 res
578 1259 691 1340 agitur
705 1258 872 1339 gravioris
887 1257 1059 1322 momenti.
1204 1288 1206 1292 ·

407 1365 438 1407 2.
462 1342 580 1406 Solent
603 1349 779 1424 praeterea
802 1341 1069 1404 Constitutiones
1092 1341 1239 1404 indicere
1262 1343 1447 1424 capitulum

366 1426 408 1489 ad
430 1424 590 1488 dicendam
614 1422 757 1505 culpam:
781 1424 852 1486 sive
875 1445 916 1488 ex
938 1430 1127 1506 spontanea
1150 1423 1361 1489 confessione
1377 1427 1448 1489 sive

365 1509 505 1572 alterius
521 1506 654 1570 indicio

406 1613 437 1671 3.
459 1591 512 1653 De
533 1594 700 1672 potestate
715 1588 829 1652 localis
846 1588 983 1670 capituli
998 1589 1112 1652 variae
1132 1594 1211 1651 sunt
1228 1589 1447 1654 Constitutio-

363 1694 443 1736 num
467 1672 713 1754 dispositiones.
737 1673 776 1734 In
792 1671 978 1748 Novitiatu‚
1006 1671 1175 1752 suffragiis
1202 1674 1272 1735 suis
1298 1672 1446 1737 admittit

363 1759 418 1820 vel
440 1755 549 1838 rejicit
571 1755 725 1818 Novitios
742 1761 820 1817 ante
843 1754 1027 1836 simplicem
1049 1774 1166 1817 eorum
1189 1753 1442 1837 professionem.

362 1839 413 1901 De
435 1837 651 1902 devolutione
673 1836 800 1919 jurium
826 1835 972 1900 Praelati
999 1837 1041 1900 ad
1068 1837 1263 1920 capitulum,
1293 1841 1371 1902 sede
1387 1860 1446 1902 va·

362 1928 472 2001 cante,
491 1922 552 1986 cfr.
570 1920 737 2000 Schmier,
755 1921 778 1984 l.
795 1941 825 1984 c.
842 1940 875 2003 p.
893 1925 965 2000 298,
984 1941 1017 1983 n.
1036 1925 1075 2000 58
1090 1939 1163 2001 sqq.

360 2111 376 2200 ξ
402 2127 439 2184 2.
469 2102 541 2184 De¹
566 2101 603 2182 C
603 2100 778 2208 aptatis
805 2101 1063 2184 Mom'alinm
1086 2102 1266 2209 proprie
1294 2102 1441 2220 talz’um

401 2296 491 2362 407.
508 2316 534 2358 1.
548 2295 759 2356 Monialium
775 2293 909 2376 proprie
925 2293 1042 2356 talium
1058 2296 1270 2374 capitulum,
1289 2315 1331 2358 ex
1344 2296 1445 2358 Insti-

359 2379 422 2441 tuti
438 2377 569 2440 ratione
593 2383 625 2438 et
648 2376 721 2456 lege
743 2377 931 2454 clausurae,
953 2396 1020 2439 non
1036 2383 1147 2458 potest
1163 2397 1236 2441 esse
1252 2378 1314 2440 nisi
1335 2377 1444 2442 locale.
1543 2395 1544 2438 3

400 2483 430 2524 2.
455 2461 507 2521 Ex
535 2459 634 2521 modo
659 2477 725 2537 quo
751 2459 804 2538 vel
832 2459 1000 2541 Episcopo
1032 2461 1085 2522 vel
1110 2461 1265 2524 Praelato
1294 2462 1444 2538 regulari

357 2542 520 2606 Moniales
550 2541 740 2602 subduntur
766 2549 860 2602 caret
885 2540 974 2604 istud
1004 2543 1185 2624 capitulum
1214 2542 1246 2602 vi
1275 2541 1442 2605 condendi

357 2630 498 2700 statuta,
533 2621 730 2705 praesertim
764 2641 842 2684 cum
878 2623 1143 2689 ecclesiasticum
1171 2622 1442 2708 jurisdictionem

357 2706 514 2780 mulieres
530 2705 655 2767 habere
672 2713 850 2784 nequeant.

398 2811 428 2869 3.
452 2791 582 2869 Itaque,
606 2792 741 2870 praeter
764 2789 938 2871 culparum
959 2789 1209 2869 indicationem,
1227 2808 1267 2853 eo
1283 2793 1442 2872 spectant

355 2873 492 2953 negotia
507 2872 540 2934 in
557 2871 675 2952 quibus
689 2876 858 2949 versatur,
877 2878 914 2933 ut
930 2873 1030 2953 eligat
1048 2873 1241 2936 Abatissam
1257 2879 1290 2936 et
1306 2872 1442 2936 Officia·

354 2957 415 3034 les,
439 2961 568 3038 partem
589 2951 714 3016 habeat
737 2952 770 3015 in
786 2953 1002 3017 admittendis
1018 2955 1154 3018 novitiis
1170 2957 1213 3018 ad
1236 2956 1389 3019 habitum
1406 2965 1443 3018 et

354 3038 607 3122 professionem,
623 3040 656 3099 et
668 3034 867 3116 quibusdam
880 3036 1017 3121 majoris
1029 3038 1188 3102 momenti
1204 3039 1441 3102 contractibus

353 3121 572 3186 assentiatur.

478 3298 493 3386 t
518 3313 556 3392 3.
586 3288 655 3370 De
684 3287 721 3368 C
720 3286 896 3394 capitulis
925 3287 962 3368 C
963 3287 1312 3396 ortgregatiormm

746 3412 1049 3520 religiosarum

392 3594 482 3658 408.
499 3595 551 3653 De
566 3593 623 3652 his
639 3592 807 3670 capitulis
829 3594 864 3654 in
887 3595 1107 3657 universum.
1125 3591 1294 3674 Imprimis
1312 3610 1438 3654 consu·

350 3675 485 3738 lendum
512 3672 566 3735 hic
597 3681 648 3734 est
674 3673 764 3754 quid,
789 3674 942 3738 intanta
970 3676 1136 3739 varietate
1165 3696 1205 3738 ac
1229 3693 1382 3752 numer0,
1416 3697 1438 3738 a

350 3755 493 3841 propriis
522 3755 670 3818 Instituti
694 3755 1000 3820 Constitutionibus
1029 3764 1215 3821 statuatur.
1240 3757 1285 3822 Ut
1319 3764 1437 3820 tamen

349 3837 465 3922 paucis
478 3857 704 3920 proponamus
718 3858 803 3919 quae
815 3841 973 3902 videntur
988 3841 1022 3903 in
1035 3843 1230 3904 universum
1243 3840 1307 3903 dici
1319 3859 1433 3923 posse,

348 3920 482 4003 saepius
512 3920 545 3983 in
582 3921 826 3984 recentioribus
862 3923 1030 3986 Institutis
1061 3943 1128 3986 non
1165 3930 1244 3986 sunt
1281 3923 1435 4004 capitula

347 4002 479 4072 locatim
494 4023 600 4084 eaque
616 4011 667 4066 est
688 4004 839 4067 condicio
856 4005 1044 4070 communis
1061 4007 1238 4069 Sororum.
1255 4005 1434 4085 Nusquam

347 4086 443 4150 abest
458 4087 640 4170 capitulum
654 4086 813 4166 generula·
822 4089 1013 4168 provinciale
1034 4089 1181 4152 habetur
1203 4089 1231 4152 si
1247 4086 1432 4171 provinciis

346 4170 574 4250 distinguatur
589 4169 799 4233 Institutum.

385 4254 475 4319 409.
503 4254 740 4315 Provincialia
764 4253 896 4333 quidem
919 4254 1090 4333 capitula,
1115 4256 1144 4318 si
1165 4254 1363 4318 Institutum
1383 4253 1431 4315 sit

344 4335 376 4396 in
400 4335 591 4417 provincias
607 4333 762 4413 divisum,
781 4344 1044 4416 congregantur,
1062 4337 1121 4400 sed
1145 4358 1210 4401 non
1235 4355 1312 4400 raro
1328 4354 1430 4397 acce-

343 4418 425 4479 dunt
448 4418 490 4480 ad
514 4416 801 4498 Congregationes
823 4419 1046 4499 provinciales
1069 4418 1250 4483 Societatis
1265 4420 1358 4503 Jesu,
1378 4417 1429 4480 ita
1541 4505 1542 4512 ἵ
