3148 5004
147 1032 248 1078 Fratres

117 1089 248 1137 Praedica-

119 1154 188 1196 lares.

119 1451 269 1500 carmelitae.

331 435 370 499 36
706 459 774 494 rans
789 459 885 494 rmus.
903 459 993 494 cnrur
1009 459 1040 494 111

330 596 441 660 minus
457 615 625 678 asperam,
639 613 806 674 suumque
833 594 1024 657 sortiuntur
1046 613 1169 657 nomen
1191 616 1211 657 a
1234 596 1419 678 majoribus

331 699 415 760 quas
430 677 622 741 incolebant
637 675 804 739 domibus.

372 763 502 824 Fratres
529 758 676 834 Catalati
705 778 764 821 seu
795 757 975 840 Capaneia,
1013 779 1156 840 quorum
1191 759 1345 823 strictam
1379 781 1419 823 ac

331 843 447 926 primis
477 842 580 905 initiis
611 840 819 924 eremiticam
847 841 1069 923 disciplinam,
1103 854 1138 904 a⁰
1167 847 1257 921 1526,
1289 844 1419 906 induxit

331 927 525 990 Matthaeus
541 925 680 988 Baschi.

374 1005 1418 1086 51.2.S.D0minicus,quijamaba⁰1206c0egeratsanctimo-

331 1091 449 1168 niales,
467 1104 501 1152 a⁰
518 1108 594 1169 1215
607 1097 704 1172 pater
719 1087 848 1150 exstitit
864 1087 943 1150 novi
960 1089 1094 1152 Ordinis
1110 1089 1346 1167 Mendicantis,
1363 1091 1419 1172 qui

331 1173 479 1237 scientiis
495 1174 602 1235 sacris
613 1177 646 1233 et
663 1169 905 1254 praedicationi
921 1178 1078 1234 vacaret:
1092 1172 1180 1233 unde
1194 1171 1274 1234 dicti
1289 1173 1419 1235 Fratres

330 1257 577 1320 Praedicatores.
604 1252 791 1337 Approbati
818 1259 897 1314 sunt
923 1252 961 1315 C.
985 1251 1178 1335 Religiosarn
1200 1254 1343 1316 Honorii
1366 1272 1416 1334 111,

331 1362 370 1403 22
386 1339 459 1402 dec.
480 1342 569 1402 1216.

374 1424 435 1488 52.
453 1444 483 1501 3.
509 1422 547 1482 In
563 1419 681 1480 eodem
698 1417 812 1479 seculo
835 1434 909 1494 xus,
926 1437 968 1478 ex
979 1417 1060 1486 Asia
1073 1417 1106 1480 in
1121 1418 1292 1499 Europam
1306 1425 1418 1480 trans-

331 1505 518 1567 cenderunt
534 1499 731 1577 Carmeiitae,
745 1499 802 1580 qui
819 1499 973 1582 primitus
985 1500 1192 1563 eremiticam
1208 1500 1312 1561 vitam
1329 1503 1416 1564 eole-

330 1588 423 1663 bant,
452 1586 522 1662 sed,
561 1590 701 1646 auctore
734 1583 934 1644 Innocentio
963 1599 998 1644 lv
1025 1586 1144 1665 (1245),
1171 1583 1416 1644 coenobiticam

330 1669 547 1750 adoptarunt,
562 1666 640 1728 licet
653 1664 846 1727 eremiticae
862 1664 1080 1746 professionis
1097 1666 1261 1745 quaedam
1273 1665 1417 1746 vestigia

330 1745 527 1814 retinerent.
559 1748 610 1811 Ob
640 1747 787 1831 priorem
823 1749 986 1827 regulam,
1022 1767 1121 1828 quam
1139 1749 1245 1827 (1209)
1261 1746 1415 1826 Albertns,

330 1833 524 1915 patriarcha
551 1829 894 1910 Hierosolymitanus,
922 1829 970 1892 eis
1000 1829 1261 1913 conscripserat,
1290 1851 1310 1892 a
1334 1849 1417 1893 non·

329 1917 429 1979 nullis
451 1915 538 1978 inter
565 1911 744 1975 Basilianos
766 1912 951 1974 monachos
974 1921 1164 1994 ponuntur,
1191 1913 1249 1975 sed
1273 1915 1416 1976 alteram

329 2005 447 2082 postea
476 1995 617 2079 professi
640 2001 719 2057 sunt
742 1996 893 2073 regulam
919 2002 1020 2076 atque
1049 2007 1084 2057 a0
1111 2013 1187 2077 1245
1212 1996 1360 2078 cooptati
1384 1996 1416 2057 in

329 2083 575 2146 Mendicantes.
608 2080 738 2141 Eorum
776 2077 972 2140 Institutum
1003 2077 1228 2155 confirmavit,
1260 2091 1295 2139 a⁰
1326 2098 1415 2159 1247,

331 2163 594 2227 Innocentius1v
607 2161 645 2223 C.
660 2161 747 2242 Quae
762 2157 916 2238 tenorem,
934 2167 972 2223 ut
988 2159 1137 2222 Ordinem
1158 2161 1275 2222 Beatae
1296 2161 1418 2224 Mariae

240 2244 247 2252 ’
335 2246 475 2330 Virginis
511 2267 530 2307 a
562 2245 665 2306 Monte
701 2240 854 2306 Carneelo.
882 2243 1066 2305 Notissima
1089 2251 1140 2306 est
1163 2243 1264 2325 hujus
1291 2243 1417 2306 ordinis

148 2417 269 2463 Eremilae

117 2475 137 2520 S
141 2511 146 2520 .
158 2476 251 2533 Augus·

119 2534 173 2580 tint.

146 3508 233 3556 Clerici

116 3566 241 3627 regulares.

146 3706 252 3754 Genesis.

330 2329 527 2392 reformatio
543 2326 685 2389 feliciter
700 2326 734 2387 a⁰
753 2330 831 2404 1568
854 2335 993 2406 peracta
1015 2347 1036 2388 a
1060 2326 1096 2389 S.
1109 2326 1274 2389 Theresia
1290 2327 1415 2410 aJesu.

373 2408 832 2492 53.4.EvariisEreneitarane
844 2408 1361 2487 congregationibusAlexander
1369 2424 1415 2484 1v,

331 2494 370 2556 C.
383 2494 479 2558 Licet,
493 2514 510 2555 2
526 2490 604 2552 maii
622 2493 709 2567 1256,
729 2490 917 2569 composuit
930 2509 1034 2550 unum
1048 2509 1182 2570 eorpus,
1201 2493 1253 2555 eui
1270 2492 1350 2552 data
1365 2501 1418 2552 est

330 2576 448 2654 regula
459 2573 493 2636 S.
505 2572 685 2651 Augustini
698 2574 745 2648 (n.
757 2571 801 2647 48
815 2573 872 2648 e.).
882 2571 1007 2652 Quare,
1021 2571 1076 2632 isti
1090 2572 1237 2651 religiosi
1249 2581 1417 2634 vocantur

329 2657 487 2721 Eremitae
499 2654 534 2716 S.
551 2653 731 2734 Augustini.

371 2741 541 2822 Quattuor
563 2735 647 2800 istae
671 2733 851 2813 religiones
874 2735 976 2813 vulgo
999 2740 1213 2814 nuncupatae
1233 2741 1313 2796 sunt
1327 2741 1416 2814 qnat-

330 2829 399 2884 tnor
413 2819 577 2900 religiones
593 2814 846 2878 mendicantium.

371 2923 401 2983 5.
419 2902 482 2964 His
498 2908 626 2981 postea,
652 2903 689 2958 ut
712 2897 848 2976 quintus
875 2896 958 2958 ordo
988 2896 1182 2958 mendicans
1202 2897 1335 2960 additus
1365 2906 1417 2960 est

330 2986 421 3047 Ordo
437 2982 613 3043 Servorum.
631 2979 673 3041 B.
689 2980 736 3040 M.
758 2980 792 3041 V.
810 2982 930 3058 (1233).

370 3067 408 3127 In
441 3060 710 3125 Mendicantibus
744 3059 937 3124 referuntur
971 3061 1073 3125 etiam
1105 3061 1233 3125 Minimi
1259 3065 1418 3128 Ereuu'tae

329 3148 364 3210 S.
381 3142 545 3207 Francisei
560 3143 596 3204 de
611 3141 717 3206 Paula
734 3145 854 3226 (1454).
873 3191 876 3197 .

512 3297 592 3393 56.
621 3296 690 3377 De
719 3296 756 3376 C
756 3298 901 3380 larices
927 3301 1200 3408 regularibus
1228 3303 1237 3331 ¹

371 3476 432 3541 54.
444 3477 497 3537 Ex
512 3475 647 3537 vinculo
663 3494 729 3555 quo
752 3476 927 3560 principali
952 3479 1114 3542 ecclesiae
1133 3491 1231 3542 erant
1247 3480 1414 3559 obstricti,

327 3557 425 3621 facile
441 3567 625 3639 coeperunt
641 3559 795 3621 canonici
810 3562 944 3624 nomine
960 3561 1107 3641 aliquam
1123 3561 1294 3643 praeferre
1310 3564 1416 3644 digni·

328 3647 445 3716 tatem,
455 3641 631 3718 simulque,
641 3659 722 3721 prae
735 3642 857 3705 ceteris
871 3643 1069 3706 clericorum
1082 3643 1211 3722 officiis,
1222 3645 1416 3708 incumbere

328 3721 539 3806 potissimum
569 3721 602 3783 in
638 3741 832 3786 communes
865 3725 928 3786 Dei
957 3726 1072 3788 laudes
1105 3733 1139 3788 et
1172 3727 1275 3790 divini
1305 3728 1415 3790 cultus

329 3806 555 3887 majestatem.

370 3887 564 3970 Apostolica
579 3887 690 3950 studia
705 3889 812 3970 magis
835 3890 1036 3972 placuerunt
1062 3891 1342 3969 mendicantibus,
1359 3892 1415 3974 qui

328 3973 476 4033 nondum
495 3977 607 4032 tamen
624 3971 737 4032 omnia
753 3972 1045 4053 amplectebantur
1061 3974 1229 4036 clericalia
1244 3975 1367 4040 officia.

370 4053 435 4138 Qui
450 4053 552 4134 igitur
566 4053 766 4133 professioni
788 4055 965 4136 religiosae
978 4055 1146 4118 clericalia
1162 4056 1276 4120 munia
1292 4059 1326 4120 in
1342 4058 1415 4120 uni·

328 4156 465 4199 versum
501 4137 708 4218 conjungere
749 4137 944 4218 cogitarunt
984 4139 1148 4219 simulque
1185 4161 1206 4202 a
1242 4140 1415 4220 dignitatis

328 4221 461 4283 nomine
478 4219 720 4299 abhorrebant,
735 4239 803 4282 non
817 4220 886 4302 jam
902 4220 1050 4291 eanoniei,
1069 4221 1127 4284 sed
1143 4221 1246 4284 elerici
1258 4221 1415 4306 regulares

358 4415 433 4464 ¹Cfr.
447 4416 558 4475 H'elyot‚
571 4429 616 4474 op.
629 4428 665 4473 c.,
678 4421 698 4465 t.
710 4430 733 4472 7.
