3138 5014
151 443 335 524 [473-477]
476 464 513 500 nii
528 463 712 500 sncnnururo
727 465 934 502 pinniraurinii
1180 443 1239 508 287

190 599 279 663 Huic
296 605 410 664 tamen
427 599 455 662 si
470 599 625 663 videatur
640 600 728 663 male
743 606 866 682 negata
882 600 1039 678 iacultuS,
1060 601 1172 666 licebit
1190 601 1240 664 uti

148 681 325 766 privilegio
340 682 536 746 absolvendi
560 683 615 746 illa
633 683 707 746 vice
730 703 751 746 a
767 683 963 762 reservatis,
982 683 1022 745 de
1039 703 1105 766 quo
1122 704 1237 766 supra,

150 785 183 830 n.
199 781 277 846 470.
294 765 502 844 PellizariuS,
519 767 569 829 De
580 764 780 837 Moniolibns,
801 787 831 830 c.
848 791 878 848 9,
896 787 931 830 n.
949 772 1058 846 28·3o.

191 850 280 916 475.
297 848 452 912 Monialis
476 869 562 929 quae
585 849 627 912 ad
654 856 785 912 certum
807 856 953 932 tempus,
971 848 1104 923 etiamsi
1120 850 1236 925 breve,

150 927 296 1016 legitime
312 942 412 995 extra
437 935 597 995 claustra
620 939 789 1010 versatur,
818 934 912 995 adire
928 938 1039 1014 potest
1055 930 1238 1013 quemlibet

150 1013 392 1078 confessarium
409 1022 630 1098 proutroque
646 1035 728 1079 sexu
745 1016 983 1102 approbatum.
1002 1015 1037 1079 S.
1057 1015 1096 1079 C.
1114 1017 1186 1080 EE.
1206 1020 1239 1077 et

150 1096 223 1192 Ru.
242 1118 280 1179 27
296 1118 374 1180 aug.
396 1105 486 1180 1852.

382 1258 440 1321 iii.
464 1260 506 1320 In
528 1233 711 1320 Institutis
733 1277 805 1320 non
828 1259 1003 1336 exemptis

190 1403 327 1469 476.1.
351 1403 388 1465 lii
414 1401 581 1465 Institutis
607 1422 675 1466 non
697 1403 871 1484 exemptis,
896 1401 967 1465 sive
992 1401 1143 1465 virorum
1171 1401 1238 1464 sint

150 1485 221 1548 sive
248 1485 435 1554 mulierum,
460 1485 531 1548 sive
557 1506 577 1547 a
601 1485 637 1549 S.
665 1485 753 1550 Sede
780 1485 847 1547 sint
877 1485 1065 1567 approbata
1095 1485 1167 1547 sive
1194 1485 1237 1546 ab

149 1567 339 1652 Episcopis,
367 1569 499 1630 sodales
522 1573 666 1631 utuntur
692 1567 907 1631 confessariis
937 1587 1021 1650 quos
1051 1567 1237 1649 designarit

150 1650 350 1714 Ordinarius
366 1649 442 1713 loci.
456 1651 500 1712 Et
516 1670 575 1733 per
588 1670 623 1712 se
635 1657 715 1714 sunt
731 1650 829 1714 simili
845 1651 1048 1714 secularium
1059 1651 1136 1730 loco
1149 1651 1237 1732 quod

151 1733 194 1796 ad
211 1753 310 1796 casus
339 1740 532 1796 reservatos
548 1739 581 1798 et
597 1732 704 1826 ipsam
731 1733 929 1797 confessarii
945 1733 1235 1818 approbationem.

191 1838 221 1880 2.
246 1815 343 1899 Quod
360 1814 402 1878 ad
417 1814 498 1878 viros
519 1815 688 1899 religiosos,
716 1818 912 1899 plerumque
938 1818 1030 1880 nulla
1053 1816 1237 1898 requiritur

150 1897 351 1980 approbatio
366 1897 533 1980 specialis.
1003 1913 1004 1916 ’

192 1983 317 2065 Quare,
335 1981 444 2044 valide
460 1983 592 2061 saltem,
610 1981 791 2063 quemlibet
806 1981 931 2044 adeunt
948 1981 1194 2045 confessarium
1212 1983 1235 2046 ¹.

190 2065 280 2131 477.
297 2068 349 2127 De
363 2066 545 2127 Institutis
561 2067 762 2129 mulierum.
785 2088 812 2128 1.
832 2064 1013 2127 Sororibus
1029 2084 1115 2145 quae
1131 2065 1236 2128 vitam

152 2147 280 2210 ducunt
296 2167 508 2210 communem
524 2147 607 2208 satis
630 2149 739 2210 solent
753 2145 910 2229 Episcopi
935 2147 1083 2227 regimen
1108 2148 1236 2211 monia-

150 2229 230 2293 lium
255 2229 438 2312 imponere,
457 2231 503 2293 ita
530 2237 567 2292 ut
594 2249 693 2293 nemo
709 2230 818 2293 valide
846 2229 990 2310 excipiat
1007 2229 1236 2296 confessiones

150 2331 304 2375 sororum
321 2312 385 2376 nisi
400 2313 444 2376 sit
459 2312 650 2394 specialiter
661 2313 704 2396 ad
721 2313 752 2375 id
769 2309 987 2393 approbatus,
1006 2332 1141 2376 sorores
1154 2332 1236 2375 vero

152 2394 386 2474 astringantur
401 2397 519 2477 regula
535 2395 634 2457 unius
650 2394 846 2458 confessarii
864 2393 1038 2459 ordinarii.

192 2478 314 2541 Statim
341 2482 452 2541 autem
479 2484 580 2559 atque
606 2477 807 2540 communitus
834 2477 1000 2540 mulierum
1029 2498 1098 2541 uno
1129 2478 1236 2541 utitur

150 2560 356 2624 confessario
372 2562 427 2642 qui
453 2562 487 2624 in
508 2562 572 2643 ipso
588 2559 810 2625 conservatoria
826 2560 970 2642 excipiat
994 2560 1234 2640 confessiones,

149 2646 221 2707 vult
238 2645 274 2708 S.
299 2644 403 2707 Sedes
429 2652 466 2707 ut
490 2645 714 2707 observentur
738 2644 874 2724 regulae
890 2645 930 2704 de
945 2643 1104 2706 triennali
1127 2651 1236 2708 muta-

149 2727 239 2790 tione
255 2747 321 2790 non
345 2743 442 2790 secus
459 2734 560 2808 atque
572 2729 661 2808 apud
681 2726 855 2790 moniales.
872 2726 988 2806 Neque
1005 2725 1125 2808 excipit
1142 2727 1236 2791 fami-

151 2810 213 2872 lias
226 2809 401 2889 religiosas
419 2829 561 2890 quarum
578 2811 708 2872 sodales
726 2829 827 2892 saepe
842 2815 975 2871 mutant
992 2809 1193 2873 domicilium
1210 2811 1235 2874 ².

149 2890 291 2953 Perinde
307 2891 483 2954 dicendum
508 2900 560 2953 est
583 2892 623 2954 de
647 2890 844 2954 confessarii
860 2892 1118 2955 extraordinarii
1134 2893 1236 2974 depu-

150 2971 289 3035 tatione.
303 2973 428 3036 Stricte
451 2980 628 3054 praeterea
651 2974 941 3052 Congregationes
965 2994 1051 3055 quae
1064 2974 1236 3058 pontificio

149 3058 292 3116 utuntur
304 3055 380 3136 jure
406 3056 613 3117 tenebuntur
630 3055 765 3118 decreto
782 3055 1062 3138 Quemadmodum.
1079 3058 1124 3120 Et
1140 3058 1236 3120 decet

150 3135 268 3198 saltem
284 3144 322 3199 ut
336 3136 525 3218 Episcopus
543 3136 575 3199 in
592 3138 809 3200 dioecesanas
826 3138 944 3201 domus
960 3140 1076 3202 eadem
1099 3139 1236 3203 inducat

150 3223 294 3283 statuta.

190 3324 221 3367 a.
243 3302 332 3386 Quia
359 3307 471 3365 tamen
494 3321 659 3385 personae
686 3301 770 3364 istae
793 3303 972 3382 quemlibet
994 3305 1087 3368 adire
1117 3325 1235 3386 perse

147 3386 273 3465 valent,
306 3384 368 3448 nisi
395 3391 527 3448 constet
553 3385 593 3448 de
616 3387 689 3466 lege
712 3385 872 3466 peculiari
899 3387 970 3448 lata
992 3387 1034 3448 ab
1053 3388 1233 3470 Episcopo,

149 3468 314 3532 confessio
330 3467 420 3530 facta
436 3467 605 3532 sacerdoti
628 3466 825 3550 simpliciter
848 3469 1036 3550 approbato
1050 3471 1235 3552 judicanda

148 3559 200 3615 est
215 3550 334 3615 valida.

189 3656 220 3715 3.
237 3634 419 3699 Restrictio
431 3631 675 3716 jurisdictionis
692 3651 759 3694 non
785 3632 888 3696 afficit
908 3633 1056 3716 parochos
1080 3637 1168 3716 quod
1194 3635 1236 3698 ad

1324 854 1388 916 Quid
1397 857 1421 903 si

1294 913 1408 961 monialis
1420 915 1453 961 sii

1294 977 1362 1020 extra
1377 972 1451 1020 claus-

1295 1030 1357 1078 tra?
1417 1086 1420 1092 ἱ

1321 1401 1410 1463 Regulo

1290 1461 1417 1521 generalis.

1326 1686 1383 1734 Viri
1403 1699 1451 1732 non

1292 1743 1373 1800 soient,
1397 1747 1451 1803 opus

1292 1801 1375 1849 habere
1398 1815 1452 1849 con·

1287 1857 1392 1920 sessoria
1403 1864 1450 1918 spe·

1290 1917 1385 1965 cialiter
1410 1921 1450 1977 ap-

1287 1976 1398 2034 prolato.

1320 2085 1451 2134 DeMuiie·

1291 2145 1366 2192 ribus.

1312 2255 1369 2302 Mos
1380 2256 1449 2316 Epis-

1290 2318 1407 2373 caporum.

1319 3310 1432 3370 Exceptio
1444 3325 1446 3329 ·

1290 3369 1339 3414 isia
1361 3373 1394 3414 est
1415 3368 1449 3414 de·

1290 3427 1448 3474 monstrando

1321 3650 1384 3710 Quid
1395 3650 1421 3698 de

1286 3710 1423 3767 porciliis?

176 3846 228 3893 tin
241 3846 399 3904 UrbeRoma,
416 3847 444 3896 S.
465 3842 604 3899 Officium,
622 3842 733 3909 decreto
751 3841 841 3908 Sljulii
863 3850 928 3900 1899,
948 3841 1037 3908 vetuit
1048 3856 1083 3890 ne
1102 3842 1234 3908 Superior

146 3901 233 3962 major
248 3905 291 3952 vel
311 3904 400 3952 minor
419 3902 564 3963 religiosae
583 3903 795 3950 communitatis
813 3905 861 3949 aut
883 3901 1028 3965 Seminarii
1048 3905 1098 3948 aut
1116 3901 1233 3961 Collegii

146 3962 255 4010 audiret
264 3962 447 4011 consessiones
458 3961 668 4010 sacramentales
684 3973 797 4008 suorum
806 3959 981 4024 alumnorum
998 3972 1026 4005 in
1035 3957 1132 4006 eadem
1151 3959 1233 4006 domo

146 4019 325 4078 manentium,
338 4025 451 4080 excepto
466 4018 560 4079 aliquo
577 4032 639 4066 raro
657 4016 827 4066 necessitatis
847 4030 922 4083 casu,
935 4015 969 4063 de
987 4029 1041 4075 quo
1057 4028 1156 4080 eoru-m·
1172 4029 1234 4063 con·

146 4077 261 4126 scientia
271 4085 408 4126 oneratur.
421 4079 562 4136 Responso
571 4083 663 4124 autem
674 4082 742 4125 23·25
751 4081 860 4140 augusti
873 4083 927 4140 {899
936 4073 1089 4121 declaravit
1100 4072 1170 4120 nihil
1180 4072 1233 4121 hoc

146 4135 256 4183 decreto
266 4142 401 4184 mutatum
412 4149 470 4184 esse
481 4132 732 4199 Constitutionibiis
742 4134 901 4194 apostolicis
912 4131 986 4193 quod
1001 4130 1033 4178 ad
1051 4129 1154 4196 Ordines
1167 4145 1233 4189 regu·

146 4192 317 4258 larenQuam
327 4192 677 4259 declaratiopemUnlegavit,
694 4192 739 4240 dic
757 4209 823 4242 zoae
840 4187 1134 4249 dec.1899‚transierri
1153 4201 1234 4248 posse

147 4265 175 4298 in
187 4251 317 4298 Instituta
326 4257 454 4298 votorum
464 4265 516 4298 sim
537 4251 642 4299 licium.

175 4309 239 4355 2De
254 4306 306 4373 ista
321 4308 480 4374 mutatione,
497 4265 551 4374 cii,
560 4308 669 4374 decreta
686 4307 800 4374 collecta
815 4309 849 4373 Α..
861 4308 890 4356 S.
902 4308 940 4372 S..
951 4311 970 4354 t.
981 4323 1018 4372 ²4·
1032 4319 1058 4366 p.
1072 4319 1115 4362 709
1130 4317 1196 4369 sqq,
1204 4301 1233 4352 Si

146 4364 281 4430 consessio
291 4378 383 4426 peragi
394 4371 567 4414 consueverit
577 4381 606 4414 in
616 4365 730 4426 publica
745 4367 870 4423 ecclesia,
882 4365 1039 4414 ordinarius
1049 4363 1236 4413 confessarius

145 4422 272 4483 huiclegi
288 4436 343 4471 non
353 4426 393 4472 est
403 4421 545 4473 obnoxius.
558 4425 584 4474 S.
598 4425 629 4474 C.
643 4425 699 4474 EE.
720 4428 747 4474 et
763 4425 820 4477 RR.
838 4441 867 4474 20
874 4423 925 4484 jul.
947 4428 1013 4482 1875,
1025 4423 1158 4492 Munitore.
1170 4433 1196 4478 X.
1212 4436 1233 4478 1·

147 4494 174 4540 p.
189 4495 239 4538 170.
