3138 5014
112 517 150 564 De
157 516 256 575 legendis

98 575 203 624 decretis.

29 659 32 663 ⁴
126 685 257 746 catigeta.

103 1285 106 1289 f
127 1306 226 1352 Decreta

97 1362 200 1422 legenda.

312 355 373 420 264
694 375 761 414 raus
777 374 870 412 saxrn.
888 342 978 412 carus
995 375 1014 412 11

353 517 443 580 444.
462 518 514 579 De
531 515 692 592 legendis
709 513 886 576 Decretis.
909 535 936 576 1.
953 511 1065 575 Variis
1090 511 1399 582 Constitutionibus

312 600 366 662 vel
378 597 535 672 Decretis
558 595 763 679 praecipitur
786 595 1023 677 Superioribus
1047 595 1260 675 regularibus
1284 603 1321 659 ut
1343 618 1401 660 cu·

314 687 401 758 rent,
418 681 516 744 statis
533 679 661 756 diebus,
679 679 712 740 in
730 678 884 761 capitulis
901 680 954 741 tel
970 677 1004 740 in
1020 678 1154 760 publica
1171 698 1288 741 mensa
1304 681 1400 742 varia

313 764 377 846 legi
394 765 540 827 decreta.
558 762 660 840 quue
672 761 812 843 jubetur
827 762 889 824 sub
902 759 1006 824 variis
1019 761 1137 842 poenis
1153 782 1238 842 quae
1256 782 1397 842 gravem

312 848 547 910 demonstrant
573 844 825 926 obligationem.
854 845 980 908 Dilatio
1006 850 1119 906 tamen
1147 865 1215 906 non
1242 844 1400 908 notabilis
1453 876 1455 882 ¹

312 930 500 994 absolvitur
523 929 620 1010 gravi
643 934 794 1009 peccam,
820 928 922 990 immo
938 927 1040 1006 omni,
1059 927 1087 990 si
1105 928 1201 1009 justa
1218 947 1333 990 causa.
1380 975 1383 982 .

353 1015 487 1077 Poenae
502 1012 587 1075 istae
604 1009 861 1074 committuntur
878 1010 920 1072 ab
936 1010 975 1072 iis
991 1011 1158 1072 Praelatis
1176 1010 1297 1090 quibus
1313 1011 1397 1074 haec

313 1116 394 1160 eura
421 1096 637 1178 praecipitur.
669 1092 713 1155 Hi
744 1101 857 1156 autem
887 1098 966 1156 sunt
996 1093 1145 1156 Praelati
1176 1091 1298 1174 locales,
1331 1114 1399 1157 non

312 1185 426 1243 autem
451 1180 608 1261 majores,

347 1302 374 1343 2.
389 1285 465 1343 Sunt
477 1292 577 1340 autern
592 1282 648 1338 ista
660 1277 774 1340 decreta
786 1277 930 1358 legenda:

346 1371 376 1445 a)
401 1369 512 1426 Mense.
528 1363 688 1445 jannario,
720 1382 750 1422 ta
784 1367 841 1434 die,
880 1367 1031 1424 decretum
1057 1361 1195 1424 Romani
1230 1361 1400 1444 Pontifices,

311 1467 345 1527 25
368 1453 432 1528 jan.
462 1451 540 1525 1948,
566 1451 602 1506 de
627 1449 877 1523 testimonialibus
900 1451 1012 1521 litteris,
1038 1450 1197 1524 legendum
1225 1451 1256 1506 in
1284 1450 1402 1524 publica

312 1551 427 1592 mensa.
822 1549 825 1556 ·

347 1619 376 1682 bl
390 1611 506 1675 Eodem
515 1633 620 1686 mense,
632 1617 740 1674 decret.
752 1617 789 1673 de
802 1612 965 1694 largitione
979 1633 1139 1677 mnnernm
1152 1625 1208 1675 etc.
1224 1618 1261 1675 ad
1272 1615 1402 1676 formam

311 1703 419 1760 decreti
431 1699 538 1780 Naper
551 1719 571 1758 a
584 1695 826 1778 Conqregatione
845 1701 887 1776 (n,
904 1701 990 1776 282)
1004 1721 1011 1758 τ
1032 1703 1061 1758 in
1078 1702 1178 1776 aliqua
1191 1702 1310 1775 publiea
1323 1703 1402 1760 Con-

310 1787 482 1861 gregatione
496 1785 542 1842 vel
555 1786 661 1842 saltem
677 1786 707 1842 in
723 1787 843 1858 publica
857 1805 971 1845 mensa.

346 1870 373 1946 c)
397 1869 502 1926 Mense
516 1865 637 1938 martio,
652 1869 768 1926 decreta
778 1871 815 1926 ad
826 1865 859 1928 S.
875 1865 1017 1945 Officium
1025 1866 1207 1948 pertinentia
1219 1889 1225 1928 :
1239 1871 1269 1927 in
1284 1871 1403 1944 publica

311 1970 416 2010 mensa
429 1954 475 2010 vel
491 1953 565 2010 alias
579 1953 610 2009 in
625 1951 755 2025 capitulo
765 1955 802 2010 ad
815 1955 871 2010 boc
883 1954 1049 2027 specialiter
1063 1963 1237 2012 convocato.
1251 1954 1402 2013 Exhiben·

311 2050 358 2095 tur
370 2039 488 2096 decreto
503 2037 618 2096 Urbani
629 2053 694 2108 vm,
708 2037 851 2112 14aprilis
862 2037 946 2110 (alias
961 2053 993 2113 15
1007 2039 1084 2114 dee.)
1098 2039 1176 2112 1633,

270 2189 273 2194 ⁴
346 2123 375 2190 dt
399 2121 505 2180 Mense
524 2123 664 2198 attgnsto,
685 2119 807 2179 feriant
828 2132 893 2195 post
912 2132 1048 2179 octavam
1069 2121 1303 2195 Assumptionis,
1323 2123 1398 2179 decr.

310 2207 341 2265 S.
370 2207 619 2282 Congregationis
646 2205 852 2280 inquisitionis
879 2222 895 2281 5
919 2225 989 2281 aug.
1015 2222 1094 2282 1745,
1120 2224 1137 2263 a
1164 2205 1326 2265 Benedicto
1346 2222 1400 2264 xiv

310 2291 533 2361 confirmatum,
547 2292 650 2348 contra
667 2288 827 2349 sacerdotes
841 2288 883 2349 acl
895 2287 994 2368 tnrpia
1012 2286 1212 2361 sollicitantes,
1233 2292 1281 2348 vel
1299 2286 1401 2350 Sacri·

303 2373 379 2453 jicio
400 2372 512 2434 Missae
533 2369 680 2432 abutentes
705 2369 746 2431 ai
771 2371 944 2452 sortilegia:
967 2375 997 2430 in
1023 2372 1142 2447 publica
1165 2391 1269 2432 mensa
1294 2376 1340 2431 vel
1370 2375 1400 2431 in

310 2459 440 2532 capitulo
459 2457 495 2513 ad
514 2457 571 2512 hoc
590 2456 755 2529 specialiter
774 2468 938 2514 convocato
953 2467 972 2515 ῖς

346 2543 373 2618 e)
384 2537 477 2600 Feria
487 2557 518 2600 vt
526 2542 595 2617 post
603 2542 739 2598 octavam
750 2535 893 2618 Corporis
904 2536 1022 2601 Cirr-isti
1030 2551 1059 2599 et
1064 2537 1150 2619 feria
1161 2559 1182 2600 11
1191 2543 1254 2608 post
1260 2537 1399 2620 primam

310 2621 496 2684 dominicam
510 2619 669 2691 Aclventns,
680 2623 727 2680 vel
740 2624 845 2690 saltem
867 2643 918 2698 per
933 2644 1069 2682 mensem
1084 2625 1254 2683 immediate
1272 2627 1327 2682 bos
1337 2625 1400 2682 dies

250 2705 252 2708 ’
311 2718 494 2784 sequentem,
511 2708 628 2764 decreta
646 2703 681 2765 de
701 2703 891 2768 celebratione
909 2707 1087 2782 Missarnm,
1109 2711 1143 2769 C.
1169 2709 1335 2774 innocentii
1358 2727 1401 2768 xtt

311 2805 341 2853 et
354 2793 589 2852 declarationes:
605 2793 635 2848 in
650 2793 769 2864 publica
786 2812 901 2852 mensa.

346 2880 371 2956 s)
391 2875 448 2937 Bis
461 2874 495 2936 in
514 2895 603 2948 anno,
627 2878 744 2935 decreta
763 2876 810 2936 De
825 2875 1030 2956 Regularibtcs
1049 2877 1192 2959 apostatis
1206 2883 1233 2939 et
1252 2876 1358 2960 ejectis,
1373 2889 1403 2938 et

311 2965 358 3024 De
369 2959 583 3042 reformatione
596 2959 801 3040 Regelarinm
813 2984 822 3022 .·
836 2966 866 3020 in
882 2982 996 3020 mensa.

347 3056 375 3122 gt
401 3047 481 3104 Ante
506 3041 948 3117 electionem,,Constitutiones
974 3048 1010 3105 de
1033 3051 1175 3122 qualitate
1198 3059 1227 3106 et
1252 3050 1403 3124 requisitis

312 3131 516 3200 eligendorum
535 3131 683 3203 legendae
714 3143 783 3187 sunt
815 3133 844 3187 in
870 3132 1000 3203 capitulo
1025 3133 1069 3189 vel
1098 3134 1337 3208 congregatione.
1366 3133 1400 3190 C.

311 3209 426 3273 anlns
444 3209 566 3272 enectine
586 3213 750 3270 Clementis
769 3231 833 3283 virt,
855 3215 870 3290 ἕ
890 3213 935 3287 36.

347 3300 378 3365 hl
402 3295 439 3357 In
459 3294 553 3356 Italia
578 3300 604 3355 et
626 3295 734 3356 ansellis
760 3295 965 3375 adjacentibns
989 3300 1114 3371 legenda
1137 3310 1289 3372 praeterea
1311 3311 1400 3359 sunt:

312 3385 338 3457 α)
359 3383 520 3441 Decretum
544 3379 697 3458 Regnlnri
722 3380 907 3461 disciplinae,
934 3399 968 3458 25
994 3385 1058 3460 jan.
1084 3387 1159 3459 184Q,
1183 3385 1220 3443 de
1241 3383 1402 3466 receptione

311 3465 495 3534 nobiliorem
521 3467 558 3522 ad
585 3467 720 3524 habitum
744 3479 772 3525 et
798 3469 834 3523 ad
863 3467 1086 3540 professionem,
1115 3470 1202 3542 idque
1229 3471 1259 3526 in
1283 3470 1401 3544 publica

312 3569 426 3618 mensa,
450 3550 495 3606 bis
521 3551 551 3606 in
575 3568 677 3607 anno:
702 3552 749 3608 die
774 3568 786 3607 1
814 3552 945 3628 januarii
970 3562 999 3609 et
1022 3555 1173 3612 dominica
1196 3556 1292 3628 prima
1311 3554 1378 3629 julii
1391 3572 1400 3624 ;

310 3635 338 3708 β)
352 3635 423 3692 Litt.
439 3634 552 3707 encycl.
567 3633 676 3704 Congr.
691 3654 779 3708 super
788 3637 944 3708 disciplina
954 3638 1090 3707 regulari,
1101 3637 1147 3696 De
1160 3636 1296 3698 doctrina
1307 3632 1402 3695 cleris-

312 3716 398 3776 tiana
408 3718 549 3773 tradenda
560 3716 698 3775 fratribus
713 3722 873 3790 conversis,
889 3723 919 3776 in
932 3723 1050 3794 publica
1064 3740 1179 3793 mensa,
1196 3725 1283 3780 bisin
1299 3739 1399 3792 anno;

310 3801 338 3875 γ)
361 3801 521 3857 Decretum
548 3800 682 3878 ejusdem
703 3804 949 3876 Congregationis
974 3804 1018 3862 De
1032 3804 1219 3884 promotione
1240 3802 1281 3864 nel
1301 3797 1402 3879 officia

311 3879 560 3961 incompatibilia,
581 3887 612 3942 in
632 3886 756 3959 singulis
775 3887 924 3958 domibus,
946 3891 1039 3945 semel
1059 3891 1090 3946 in
1110 3908 1201 3946 anno,

353 3983 545 4060 Praeterea,
563 3983 629 4045 litt.
647 3984 682 4047 S.
700 3978 827 4066 Congr.
845 3986 943 4066 Saper
959 3986 1136 4068 Disciplina
1151 3986 1250 4070 regal.
1272 3986 1398 4048 virtute

341 4244 348 4277 ¹
361 4241 392 4289 Id
403 4247 443 4289 est
454 4240 481 4290 in
493 4247 703 4303 congregatione
714 4241 914 4300 Religiosorum
931 4258 1001 4304 quae
1012 4245 1047 4292 ad
1059 4243 1198 4293 attdienda
1214 4241 1266 4290 ista
1289 4241 1401 4288 decreta

311 4299 345 4347 sit
356 4308 514 4364 cpnvocata.
527 4301 589 4349 Alia
598 4308 688 4349 tamen
697 4307 837 4359 praeterea
847 4300 884 4349 ibi
896 4309 1014 4350 tractare
1022 4303 1131 4364 negotia
1140 4315 1194 4349 non
1203 4297 1397 4360 prohibentur.

312 4357 481 4415 Pelltzarius,
495 4357 662 4416 Manuale,'tr.
676 4374 698 4415 7,
711 4372 734 4405 c.
748 4366 768 4410 6,
784 4372 811 4406 n.
825 4367 862 4408 38.
