3148 5004
5 464 25 504 ,U

6 1273 29 1317 ἰ

167 426 349 510 [493-562]
611 447 710 482 suuua
727 447 826 482 aurun
1170 421 1252 485 XXV

1111 579 1113 588 ι
1167 553 1253 604 Pagina

527 657 676 740 PARS
707 657 877 738 NONA

189 832 197 838 ’
253 843 312 918 ur
323 852 481 918 irruis
505 849 728 916 oruturaus
759 851 809 915 rr
835 801 915 915 rus
935 847 1163 924 surtinus

339 1012 342 1020 Δ
425 962 996 1029 numumufflmmws

423 1133 540 1197 CAPUT
562 1135 589 1198 Ι.
614 1135 654 1199 lle
676 1133 785 1200 Tertiis
808 1133 999 1199 Ordinibus.
1046 1177 1055 1198 .
1101 1176 1112 1195 ·-
1156 1151 1250 1214 ·334

191 1281 217 1328 N
219 1279 306 1329 otioet
314 1291 411 1339 genera
420 1277 626 1334 Tertiariorum,
638 1283 688 1334 534·
696 1305 724 1312 —
733 1276 807 1338 Quid
816 1277 925 1326 Tertius
933 1277 1008 1325 Ordo
1016 1275 1146 1324 secularis
1153 1290 1160 1332 ;

161 1348 229 1398 varii
241 1347 325 1396 Tertii
338 1345 463 1404 Ordines,
476 1353 527 1396 535.
543 1371 564 1378 -
578 1348 657 1408 Quae
667 1347 702 1394 sit
713 1347 784 1396 ratio
795 1361 829 1394 ac
839 1351 938 1397 natura
950 1346 1036 1394 Tertii
1049 1345 1162 1394 Ordinis

162 1417 298 1476 secularis,
311 1426 362 1467 536.
373 1445 402 1454 -
415 1417 535 1480 Quinam
547 1416 671 1476 cooptari
683 1424 793 1476 possint,
808 1423 861 1473 537.
873 1444 902 1451 -
913 1416 962 1464 Vis
974 1417 1095 1476 regulae,
1106 1423 1158 1466 538.

157 1517 186 1526 -
195 1489 315 1546 Gratiae,
327 1497 378 1548 539.
391 1517 419 1524 -
429 1490 470 1537 De
481 1485 654 1536 absolutione
668 1488 794 1548 generali,
803 1494 854 1546 54ο.
866 1513 892 1523 -
905 1489 946 1535 De
955 1487 1049 1536 Tertio
1058 1485 1161 1536 Ordine

158 1561 186 1611 S.
200 1560 348 1613 Francisci,
362 1566 414 1618 541.

425 1633 982 1747 umnnmwmfflm

280 1826 485 1892 Articulus'f.
502 1828 665 1891 Notiones
684 1827 888 1890 Communes
933 1873 940 1890 .
1099 1873 1106 1890 .
1153 1847 1278 1914 439·

189 1971 263 2033 Quid
273 1970 307 2020 sit
319 1969 548 2024 confraternitas:
565 1969 639 2030 Quid
651 1969 713 2028 piae
725 1969 886 2026 societates,
900 1975 951 2027 542.
965 1997 992 2005 —
1004 1969 1158 2018 Confrater-

157 2040 273 2089 nitatum
289 2041 450 2101 antiquitas,
469 2046 519 2098 543.
536 2067 565 2075 -
581 2041 697 2096 Genera,
710 2045 760 2100 544.
778 2067 806 2074 -
818 2039 909 2097 Fines,
923 2045 974 2098 545.
985 2067 1012 2075 -
1024 2041 1066 2087 De
1076 2053 1157 2088 cano·

157 2110 220 2160 nica
235 2111 385 2159 erectione:
399 2111 449 2175 Jus
462 2108 583 2170 erigendi
591 2123 597 2164 ;
609 2110 694 2169 Leges
707 2108 853 2156 erectionis
870 2123 1028 2157 communes
1041 2115 1068 2157 et
1079 2123 1159 2168 pecu·

159 2185 238 2238 lares,
257 2195 320 2229 cum
339 2179 441 2228 erectio
458 2179 490 2227 fit
502 2193 519 2227 a
536 2180 627 2238 capite
639 2179 765 2236 Ordinis:
779 2180 828 2228 Vis
844 2180 999 2237 erectionis,
1013 2187 1063 2238 546.
1080 2208 1103 2215 -
1116 2181 1158 2226 De

157 2252 394 2306 confraternitatis
411 2251 617 2314 aggregatione:
630 2252 750 2308 notione,
767 2251 882 2312 legibus,
896 2253 933 2309 vi,
946 2258 997 2310 547.
1009 2279 1037 2287 -
1049 2250 1158 2312 Quibus

156 2322 220 2370 aliis
230 2321 288 2371 viis.
307 2321 485 2382 impetrentur
501 2322 694 2382 indulgentiae,
713 2329 755 2379 548
782 2350 810 2356 -
823 2323 863 2370 De
879 2324 939 2370 loco
958 2325 1001 2369 vel
1013 2321 1076 2368 sede
1088 2322 1156 2369 con·

158 2390 343 2448 fraternitatis,
373 2399 421 2450 549·
446 2419 475 2426 -
499 2393 541 2438 De
559 2392 798 2440 confraternitatis
819 2391 959 2452 regimine,
981 2399 1032 2449 550.
1060 2418 1089 2426 -
1114 2392 1156 2439 De

158 2461 330 2521 cooptatione
346 2461 374 2509 in
389 2463 514 2510 sodales:
532 2462 662 2510 facultate
678 2461 835 2521 cooptandi,
848 2461 992 2511 habilitate
1003 2459 1155 2518 candidati,

157 2531 222 2590 ritu,
241 2531 346 2590 effectu,
366 2540 417 2582 551.
444 2561 472 2568 -
492 2531 632 2594 Obligatio
658 2533 773 2592 regulae.
795 2539 845 2582 552.
868 2561 897 2568 —
915 2533 1105 2600 Condiciones¹
1120 2531 1156 2580 ad

157 2606 302 2654 lucrandas
313 2605 505 2666 indulgentias,
519 2612 570 2654 553.
582 2633 612 2640 -
623 2608 664 2653 De
671 2605 781 2664 juribus
791 2605 921 2666 Episcopi
934 2605 962 2654 in
971 2603 1155 2654 Confraterni-

113 2678 116 2684 '
156 2681 232 2733 tates,
247 2683 296 2734 554.
317 2703 344 2712 -
366 2677 408 2723 De
427 2675 607 2724 dissolutione
625 2675 873 2733 confraternitatis,
892 2683 942 2725 555.
963 2677 1046 2724 —De
1060 2675 1156 2724 ordine

155 2746 428 2802 confraternitatum,
442 2752 493 2794 556.

277 2869 435 2932 Articulus
450 2870 494 2932 II.
511 2870 562 2931 De
590 2869 789 2949 quibusdam
816 2867 1158 2931 Confraternitatibus

552 2963 748 3025 nominatim
763 3007 1155 3026 ........
1181 2967 1241 3045 348

142 3100 144 3104 ’
181 3107 223 3154 De
234 3101 512 3154 Confraternitatibus
524 3106 570 3154 SS.
584 3099 682 3153 Corifis
692 3106 755 3160 Jesu
767 3110 793 3153 et
804 3105 851 3164 pia
863 3102 1031 3152 federatione
1039 3105 1154 3162 Aposto-

152 3175 224 3223 latus
234 3173 380 3225 Orationis,
395 3181 446 3230 557.
463 3201 492 3209 —
503 3176 545 3223 De
562 3175 792 3224 Confraternitate
804 3176 851 3224 SS.
871 3173 1049 3231 Sacramenti,
1061 3181 1112 3222 558.
1126 3200 1154 3209 -

156 3245 198 3291 De
215 3242 478 3304 congregationibus
497 3246 529 3291 B.
551 3246 590 3292 M.
604 3244 732 3306 Virginis,
755 3251 806 3303 559·
826 3272 854 3279 -
866 3245 907 3291 De
923 3243 1154 3292 Confraternitate

156 3311 203 3362 SS.
223 3313 341 3370 Rosarii,
361 3320 412 3360 560.
432 3340 461 3348 -—
480 3314 522 3360 De
542 3313 748 3374 scapularibus,
770 3323 821 3362 561.
878 3315 920 3361 De
939 3312 1153 3374 congregatione

154 3383 247 3432 Bonae
263 3382 369 3442 Mortis,
388 3389 438 3433 562.

157 3519 1236 3602 ssmmmfflmmffibuaeumbmfflmmu.ffi5

154 3619 374 3734 mmmm
377 3696 1152 3715 ...............
1178 3655 1235 3730 ψ

154 3782 460 3848 umumwms
481 3827 1152 3846 .............
1178 3804 1234 3866 w

155 3912 581 3999 mummnWWMs
591 3959 1151 3979 ···········
1177 3936 1235 4000 sm
