3148 5004
337 445 398 509 128
628 467 695 504 rans
712 466 834 515 puram.
851 466 947 503 sacrro
962 466 1004 503 111.
1020 465 1110 502 creu'r
1124 467 1135 502 1
1154 495 1158 503 .

337 601 393 660 erit
421 600 596 659 resolutioni
615 599 763 678 'ejusdem
796 600 929 676 capituli.
962 598 1023 659 Cir.
1047 597 1185 672 Bizzarri,
1209 599 1428 679 9·12.Piat,r.

337 702 367 758 p.
385 700 447 758 140.
470 701 532 758 141.
548 683 645 755 Ratio,
659 701 713 742 cur
733 684 884 743 minusad
903 683 1078 741 sollemnem
1099 700 1190 757 quam
1203 684 1242 741 ad
1260 684 1428 758 simplicem

337 767 556 842 professionem*
568 770 734 844 requiratur
746 783 911 826 consensus
922 768 1055 842 capituli,
1067 768 1141 828 haec
1153 767 1278 838 videtur,
1292 770 1363 844 quia
1377 787 1429 843 per

338 858 435 932 priora
451 858 502 916 illa
510 857 652 932 suffragia
662 857 779 916 sodales
793 855 914 915 Ordinis
920 857 985 935 jam
996 849 1087 915 libere
1100 857 1238 924 dixerunt
1247 860 1425 918 sententiam

334 943 372 1000 de
389 943 572 1002 candidato:
588 944 684 1017 quod,
708 961 744 1001 ex
769 940 891 1001 Ordinis
912 943 1174 1004 constitutionibus
1194 945 1287 1006 semel
1309 954 1426 1004 tantnm

335 1036 398 1086 erat
421 1028 493 1104 ipsis
514 1045 702 1086 concessum.
729 1027 896 1099 Praeterea,
920 1028 1095 1102 simpliciter
1116 1025 1264 1105 professus
1284 1027 1336 1104 jus
1360 1027 1425 1104 jam

336 1113 427 1170 habet
452 1114 598 1185 strictum,
623 1131 661 1171 ne
683 1113 748 1171 sine
770 1123 851 1170 certa
869 1130 959 1170 causa
985 1111 1158 1188 expellatur,
1185 1112 1265 1187 quod
1287 1113 1339 1190 jus
1365 1131 1427 1170 non

338 1205 452 1271 poterat
464 1198 623 1272 prudenter
636 1198 726 1255 totius
738 1197 861 1271 capituli
874 1197 1023 1255 committi
1036 1197 1168 1262 arbitrio.

371 1277 409 1341 In
420 1277 515 1340 Italia
528 1291 617 1355 atque
631 1281 736 1338 insulis
748 1281 963 1358 adjacentibus,
977 1279 1065 1342 Dect.
1078 1273 1232 1360 Regulari
1241 1275 1426 1361 disciplinas,

335 1375 365 1424 2²
380 1375 471 1439 parte,
484 1362 729 1445 hancpropriam
738 1361 884 1445 simplicis
897 1364 1088 1439 professionis
1100 1365 1217 1426 induxit
1226 1363 1424 1440 disciplinam,

335 1457 368 1505 ut
387 1448 424 1505 de
446 1447 631 1505 admittendo
655 1446 778 1504 Novitio
801 1447 981 1504 instituatur
995 1446 1171 1510 scrutinium
1186 1445 1423 1504 examinatorum

336 1523 662 1606 provincialium,quod
676 1531 852 1588 auctoritate
864 1530 1031 1605 Superioris
1041 1530 1187 1604 generalis
1193 1537 1236 1586 est
1244 1524 1425 1586 confirman-

257 1629 261 1632 ·
334 1615 419 1688 dum.
433 1614 493 1674 Cir.
508 1617 554 1673 vel
562 1615 676 1686 ¹Sentis,
688 1633 736 1690 op.
749 1617 812 1686 cit„
822 1633 852 1688 p.
866 1631 928 1686 100,
940 1615 987 1674 vel
999 1614 1193 1676 Documenta
1206 1614 1325 1672 alterius
1338 1613 1425 1672 torni.

122 1711 169 1763 ἵεις
180 1709 280 1756 Munia-

124 1768 190 1816 liuor.

123 2140 169 2192 Jas
180 2139 281 2198 Congre-

120 2199 283 2254 gratiarumac-

121 2255 269 2314 ligiosarum.

158 2391 283 2439 Inriiiuto·

124 2463 177 2496 rum
197 2448 282 2496 dioece-

124 2519 246 2554 sanorum.

138 2741 215 2788 Notio
226 2754 283 2798 gra·

124 2800 163 2847 vis
173 2802 253 2846 metus.

156 3209 220 3298 Quid
231 3237 258 3285 de
290 3280 292 3284 Α

126 3304 187 3344 melu
224 3311 285 3345 reve·

126 3354 227 3403 rentiali
236 3355 248 3402 ἒ

143 4241 181 4289 De
191 4239 285 4300 iegibus.

370 1697 402 1776 b)
422 1700 469 1757 Ad
481 1695 631 1758 Monioles
653 1700 732 1774 quod
744 1699 860 1770 attinet,
880 1700 931 1777 jus
949 1700 1108 1774 cooptandi
1130 1709 1281 1758 exercetur
1293 1715 1345 1770 per
1357 1715 1428 1754 con-

335 1793 459 1841 ventum
487 1803 558 1842 cum
584 1802 733 1842 consensu
747 1783 925 1858 ‘Superioris
953 1779 1105 1856 regularis,
1133 1783 1157 1839 si
1189 1781 1339 1839 Moniales
1369 1781 1429 1838 sint

335 1867 367 1925 in
389 1869 499 1927 ditione
522 1869 717 1942 Regularium
740 1869 840 1942 (primi
863 1869 1005 1942 ordinis);
1019 1868 1066 1928 sin
1090 1867 1191 1926 minus
1211 1883 1283 1924 cum
1308 1865 1427 1923 licentia

336 1949 496 2010 Ordinarii.
524 1953 705 2024 Pellizarius,
735 1950 835 2012 Troci.
861 1949 896 2012 de
917 1945 1047 2014 Moniol.
1072 1969 1104 2023 11,
1127 1967 1159 2022 23
1174 1966 1218 2021 111,
1232 1968 1260 2024 4,
1276 1949 1425 2018 Palmieri,

337 2030 420 2114 Opus
430 2031 517 2096 theol.
533 2044 568 2094 tr.
584 2054 611 2110 9,
625 2055 651 2096 c.
669 2053 694 2107 1,
709 2055 741 2095 n.
755 2037 802 2095 61⁸.
1047 2103 1049 2107 ⁸

371 2136 399 2179 2.
415 2116 504 2202 Quod
524 2117 566 2180 od
579 2114 836 2200 Congregair'ones
856 2117 1026 2199 religiosor,
1050 2119 1085 2179 C.
1107 2111 1426 2186 CondiioeaCbrisio,

336 2223 363 2262 c.
375 2222 402 2272 a.
415 2224 446 2263 n.
462 2223 487 2276 1,
501 2215 598 2280 partes
612 2206 783 2278 istas'ncgat
796 2205 956 2281 Episcopo,
970 2205 1072 2265 tribuit
1084 2213 1184 2262 autem
1198 2201 1330 2259 Praesidi
1342 2201 1427 2258 soda-

337 2287 437 2358 litatis,
452 2288 575 2346 scrvatis
590 2290 692 2363 utique
704 2307 782 2363 quae
794 2290 921 2346 instituti
936 2289 1051 2362 legibus
1064 2287 1296 2362 praecipiuntur.

373 2388 401 2445 3.
427 2371 515 2448 Quod
541 2370 581 2428 od
606 2368 863 2450 Congregoiiones
889 2369 1084 2443 dioecesanas,
1112 2371 1262 2446 Episcopo
1286 2369 1430 2444 linquitur

339 2457 526 2516 definiendus
540 2458 658 2516 modus.
672 2456 732 2516 Cir.
748 2458 783 2516 C.
801 2452 947 2522 Conditor
960 2475 980 2516 a
994 2445 1126 2528 Christo
1140 2475 1167 2514 c.
1181 2472 1206 2528 1,
1216 2474 1247 2514 n.
1260 2472 1289 2532 7.
1301 2455 1428 2512 Modum

339 2551 440 2599 autem
454 2560 544 2616 quem
565 2542 733 2614 probaverit
747 2541 814 2617 jam
834 2559 896 2599 non
915 2552 1012 2618 potest
1030 2551 1142 2600 temere
1155 2540 1314 2615 negligere,
1329 2557 1367 2596 ne
1379 2539 1429 2614 jus

340 2626 439 2684 laedat
452 2625 633 2700 quaesitum.

381 2725 471 2788 213.
490 2723 650 2802 Quaeres
666 2724 710 2784 de
727 2725 828 2801 gravi
845 2733 945 2788 metu
959 2743 1026 2805 quo
1042 2722 1233 2787 infirmatur
1247 2719 1424 2802 professio.

341 2805 455 2869 Gravis
470 2810 567 2868 melus
589 2805 812 2867 describitur:
838 2806 916 2869 Mali
941 2806 1139 2888 cujuspiam,
1164 2825 1205 2868 ex
1225 2811 1348 2866 natura
1363 2822 1426 2866 sua

339 2888 394 2950 vel
412 2887 609 2963 condicione
632 2907 798 2970 personae
814 2888 823 2916 ¹
840 2889 997 2970 ingentis,
1015 2889 1104 2969 quod
1119 2888 1179 2951 tibi
1194 2888 1303 2950 tuisve
1319 2885 1427 2948 immi·

340 2990 421 3034 nere
436 2971 604 3049 videatur,
622 2977 736 3032 certus
759 2978 819 3033 aut
835 2973 955 3037 saltem
983 2970 1193 3034 rationabilis
1219 2989 1260 3032 ac
1280 2969 1428 3052 prudens

340 3053 454 3118 timor.
482 3053 685 3136 Hujusmodi
711 3056 800 3117 mala
827 3053 952 3117 fuerint
978 3072 1012 3116 v.
1040 3073 1092 3136 gr.
1123 3072 1253 3130 carcer,
1281 3052 1428 3135 privatio

340 3135 576 3201 alimentorum
600 3135 664 3198 nisi
686 3135 928 3218 professionem
949 3137 1095 3206 emittas.

382 3219 470 3303 Quid
497 3220 536 3282 de
562 3224 644 3282 metu
673 3217 877 3300 reverentiali,
911 3218 967 3302 qui
993 3226 1045 3281 est
1070 3217 1213 3282 formido
1239 3214 1427 3279 offendendi

340 3309 500 3386 parentes
516 3302 571 3364 vel
587 3302 829 3384 Superiorem?

381 3386 423 3449 R.
440 3387 505 3448 Per
521 3404 557 3446 se
573 3385 658 3446 levis
680 3382 826 3446 habetur
849 3389 883 3446 et
899 3403 967 3448 non
990 3382 1172 3446 sufficiens.
1189 3381 1429 3456 Nihilominus,

341 3469 423 3530 satis
447 3487 521 3530 esse
543 3472 679 3551 poterit,
708 3491 722 3520 «
747 3465 930 3530 accedente
953 3485 1104 3548 precum,
1121 3464 1370 3540 blanditiarum,
1394 3475 1427 3525 et

341 3549 473 3632 imperii
495 3549 629 3630 saepius
654 3549 797 3630 repetita
819 3549 1087 3631 importunitate,
1115 3554 1174 3609 aut
1201 3546 1298 3628 gravi
1324 3546 1428 3609 offen·

342 3633 447 3709 sione,
465 3639 525 3693 aut
541 3631 595 3692 diu
617 3631 815 3695 continuata
838 3630 1067 3712 indignatione
1084 3629 1426 3710 consanguineorum,

341 3715 508 3795 adjunctis
525 3713 625 3774 etiam
643 3712 740 3774 minis
756 3714 796 3775 dc
812 3711 968 3776 subsidiis
989 3713 1150 3794 negandis
1165 3711 1193 3774 si
1209 3733 1251 3775 ex
1266 3711 1427 3792 religione

342 3796 553 3877 egrediatur:
570 3795 655 3857 haec
671 3793 760 3857 enim
775 3799 830 3858 vel
845 3795 989 3877 singula,
1007 3799 1061 3858 vel
1076 3803 1167 3858 certe
1183 3795 1282 3859 simul
1292 3795 1424 3877 juncta,

342 3877 556 3940 considerata
573 3877 768 3940 condicione
783 3878 929 3942 hominis
945 3879 1049 3956 rudis,
1068 3877 1184 3954 timidi,
1202 3886 1281 3957 cte.,
1299 3882 1426 3939 metum

336 3961 468 4043 justum
480 3960 631 4022 incutere
643 3966 796 4041 possunt,
811 3969 843 4023 et
860 3961 1103 4044 professionem
1116 3961 1262 4039 irritare,
1279 3967 1318 4023 ut
1329 3960 1428 4022 docet

340 4043 520 4125 Laymann
536 4063 612 4106 cum
629 4042 702 4105 aliis
719 4044 740 4106 l.
750 4067 781 4125 4,
799 4050 824 4107 t.
835 4063 865 4125 5,
883 4065 913 4110 c.
923 4064 956 4126 53
971 4043 1122 4122 LessiuS,
1135 4044 1195 4122 l.2,
1209 4063 1239 4106 c.
1252 4064 1305 4125 43,
1318 4043 1351 4106 d.
1365 4062 1396 4123 7.
1412 4067 1426 4098 ›

383 4129 435 4189 Ita
451 4125 692 4204 Busembaum‚
709 4126 860 4206 Medulla,
880 4129 902 4190 l.
918 4151 949 4209 4,
968 4148 997 4190 c.
1017 4151 1045 4206 1,
1062 4127 1095 4190 d.
1112 4149 1142 4203 2,
1160 4148 1193 4190 n.
1211 4148 1242 4206 3.

383 4223 472 4286 214.
491 4221 651 4300 Quaeres
674 4221 714 4283 de
732 4221 805 4284 aliis
828 4222 958 4306 legibus
974 4242 1060 4303 quae
1075 4221 1232 4305 propriae
1255 4220 1322 4282 sint
1348 4240 1429 4300 pro·

370 4434 381 4469 ῐ
392 4431 538 4480 Innuimus
548 4430 594 4480 bic
605 4429 809 4478 distinctionem
820 4435 909 4478 metus
919 4429 1021 4482 obsolute
1031 4435 1057 4478 et
1069 4428 1164 4478 relative
1173 4427 1272 4489 gravis.
