3148 5004
695 499 700 502 -
732 483 800 520 PARS
814 484 951 521 SECUNDA.
967 485 1058 520 CAPUT
1072 485 1093 520 Π

641 611 835 696 narremus
856 650 893 697 11.
916 632 1050 699 varietas
1071 633 1175 699 linium

405 789 468 854 77.
484 789 549 852 Pro
566 787 633 868 fine
656 809 711 850 sao
736 789 881 870 specifico,
901 788 1079 869 religiones
1096 796 1174 852 sunt
1190 791 1449 875 contemplativae,

363 872 478 934 mixtae
493 878 526 933 et
542 871 658 932 activae
674 871 694 933 ¹.

405 953 649 1036 Contemplatiaa
664 953 783 1034 nititur
805 960 878 1016 tota
900 959 936 1016 ut
959 954 1061 1017 homo
1085 954 1119 1016 in
1146 956 1267 1019 divinis
1284 977 1450 1021 commen-

362 1037 473 1101 tandis
498 1047 531 1099 et
558 1037 757 1099 meditandis
782 1037 915 1100 assidue
930 1046 1087 1101 versetur
1115 1046 1255 1120 arteque
1278 1061 1354 1103 cum
1376 1043 1450 1104 Deo

363 1121 599 1202 conjungatur,
615 1120 670 1198 qui
682 1119 757 1181 finis
773 1119 830 1180 vix
846 1119 954 1181 differt
969 1120 1012 1181 ab
1028 1139 1067 1181 eo
1085 1123 1140 1200 qui
1158 1122 1199 1183 ad
1225 1143 1331 1202 genus
1348 1123 1450 1206 perti·

354 1201 419 1266 ‘net
434 1203 524 1264 vitae
541 1203 729 1282 religiosae.
748 1202 865 1282 ltaque
888 1222 994 1283 genus
1018 1203 1072 1266 hic
1087 1203 1191 1266 etiam
1213 1206 1358 1271 habetur
1373 1209 1449 1268 loco

225 1317 228 1322 ·
272 1318 291 1336 ·-
362 1285 566 1349 differentiae
583 1284 771 1366 specificae.

400 1368 505 1431 Mixta
519 1367 694 1430 ordinatur
709 1368 749 1428 ad
766 1368 853 1428 hane
871 1385 1009 1447 operum
1034 1367 1199 1430 rationem
1224 1388 1310 1448 quae
1333 1388 1393 1450 per
1408 1389 1446 1432 se

351 1453 508 1534 postulat
521 1448 839 1529 contemplationem
853 1457 889 1510 ut
903 1449 1028 1512 iontem
1041 1451 1128 1512 unde
1140 1452 1319 1513 scaturiat:
1331 1451 1442 1531 cujus-

360 1534 448 1596 modi
464 1540 544 1595 sunt
559 1532 713 1595 doctrina
728 1538 761 1593 et
777 1533 994 1613 praedicatio,
1013 1531 1082 1594 Cir.
1097 1555 1126 1610 2,
1145 1555 1174 1609 2,
1188 1552 1220 1612 q.
1242 1539 1309 1611 188,
1326 1543 1392 1596 art.
1409 1539 1440 1596 6.

351 1651 354 1657 -
400 1616 511 1678 Aetiva
526 1616 559 1676 in
575 1615 627 1676 his
650 1622 835 1696 occupatur
851 1615 1007 1695 operibus
1030 1615 1150 1694 quibus
1176 1616 1323 1679 exterior
1346 1636 1441 1678 exer-

350 1706 455 1762 vcetur
469 1698 605 1772 caritaS,
623 1703 743 1776 utputa
759 1697 999 1777 hospitalitate,
1014 1716 1096 1758 cura
1113 1697 1336 1761 infirmorum.
1436 1701 1441 1707 '

400 1783 463 1847 78.
477 1779 737 1860 contemplatae
760 1790 839 1841 sunt
860 1780 1051 1859 Religiones
1065 1778 1344 1858 Camaldulensis,
1360 1781 1441 1842 Car·

358 1865 527 1940 thusiana,
559 1861 776 1943 Trappensis
805 1862 1019 1942 Antiquiores
1043 1865 1179 1942 regulae
1208 1864 1243 1925 S.
1269 1863 1384 1926 Basilii
1407 1871 1440 1925 et

358 1947 393 2011 S.
411 1944 585 2009 Benedicti
601 1945 781 2026 discipulos
797 1944 928 2024 quidem
946 1963 1012 2006 non
1028 1945 1177 2025 dirigunt
1193 1945 1255 2006 nisi
1274 1947 1315 2007 ad
1328 1965 1439 2028 perso·

357 2032 466 2093 nalem
482 2028 708 2104 sanctitatem,
726 2047 792 2088 non
816 2028 996 2089 excludunt
1013 2037 1124 2090 tamen
1142 2029 1328 2090 ministeria
1344 2048 1442 2101 sacra

356 2114 389 2175 in
416 2112 588 2194 spirituale
618 2110 758 2192 proximi
788 2109 924 2183 bonum,
954 2112 980 2170 si
1015 2129 1100 2189 quae
1127 2111 1226 2172 detur
1252 2121 1442 2193 opportuna

347 2216 473 2258 eorum
489 2193 635 2256 occasio.
660 2193 774 2275 Quare
798 2192 924 2254 formas
947 2192 1030 2253 istas
1053 2192 1267 2274 excipiendas
1283 2200 1439 2276 putamus

349 2278 573 2342 'divisionibus
584 2295 674 2356 quae
690 2281 766 2357 post
782 2294 839 2336 eas
856 2283 995 2357 coeptae
1009 2284 1087 2336 sunt
1104 2276 1273 2357 usurpari.

395 2360 531 2424 Mixtaia
547 2359 748 2440 profitentur
763 2357 867 2419 vitam
891 2356 1044 2418 canonici
1060 2358 1320 2434 Lateranenses,
1338 2360 1441 2421 Prae-

289 2443 292 2449 ’
356 2451 636 2517 monstratenseS,
664 2442 803 2502 Fratres
826 2441 1094 2518 Praedicatores,
1112 2441 1252 2502 Fratres
1275 2441 1436 2521 Minores,

147 3337 199 3382 Pro
211 3339 288 3384 variis

127 3393 213 3440 studiis
223 3401 278 3441 suat

129 3507 260 3565 Clericales‚

115 3687 118 3693 ¹
129 3619 158 3664 M
160 3619 291 3676 onaalales,

354 2526 505 2588 Societas
528 2525 620 2605 Jesu,
638 2523 735 2584 idest
752 2522 930 2602 religiones
953 2523 1125 2586 clericales
1149 2534 1183 2584 et
1207 2523 1436 2587 mendicantes

345 2605 386 2670 'iu
406 2608 612 2670 universum.

394 2689 520 2752 Aetiaae
542 2689 630 2749 vitae
653 2687 855 2749 addicuntur
871 2687 1049 2767 religiones
1066 2687 1304 2765 mercedariae,
1323 2689 1437 2772 hospi-

353 2774 505 2850 talariae,
522 2771 695 2832 militares

586 2941 779 2988 nnrrcunus
802 2943 851 2987 111.
875 2924 1010 2990 varietas
1034 2923 1198 2990 mediorum

351 3089 366 3177 ξ
399 3105 430 3160 1.
465 3079 512 3158 V
508 3078 671 3159 aeielas
704 3078 748 3158 ia
780 3079 934 3188 stadiis
961 3105 1036 3158 sea
1062 3078 1436 3160 exercitationibus

345 3320 346 3324 ,
392 3262 454 3327 79.
473 3259 754 3323 Exercitatioaibas
769 3279 827 3319 seu
842 3257 966 3336 stadiiS,
981 3258 1255 3338 distinguuntur:

395 3367 422 3407 r.
453 3343 644 3422 Religiones
674 3340 837 3417 clericales,
869 3361 954 3420 quae
976 3348 1026 3402 ‘ex
1055 3342 1211 3403 instituto
1248 3339 1435 3424 suscipiunt

351 3426 535 3489 ministeria
552 3425 751 3486 clericorum
770 3425 906 3504 propria
921 3444 928 3500 ;

343 3549 346 3558 ι
392 3531 421 3570 2.
436 3509 627 3588 Religiones
639 3505 845 3590 monachales,
857 3506 888 3567 id
901 3515 953 3566 est
965 3525 1081 3566 eorum
1098 3505 1152 3585 qui
1169 3526 1189 3565 a
1206 3506 1320 3568 mundi
1337 3505 1432 3568 istius

350 3592 607 3654 conversatione
623 3589 790 3671 segregati
808 3598 840 3649 et
856 3588 1069 3650 solitudinem
1088 3595 1263 3670 captantes
1277 3589 1432 3650 diceban.-

349 3683 405 3736 tur
421 3674 495 3734 ideo
511 3673 677 3752 μονάζοντες
694 3691 752 3732 seu
770 3669 910 3732 aioaaclei
925 3672 948 3748 ²3
1435 3670 1441 3680 “

342 3859 347 3934 ,¹
376 3882 383 3915 ¹
395 3882 421 3929 S.
432 3878 560 3934 Thomas,
573 3877 622 3925 etsi
633 3877 690 3935 ipse
698 3889 806 3940 omnem
815 3875 886 3922 vitae
894 3874 1027 3925 rationem
1040 3873 1140 3921 dividit
1155 3873 1182 3920 in
1192 3875 1395 3940 eontemplatioam
1406 3881 1434 3924 et

347 3942 458 3992 activam,
469 3937 569 3982 mediam
581 3943 669 3982 tamen
680 3949 763 3993 genus
774 3941 846 3980 vrtae
856 3936 946 3979 mixtae
957 3947 1006 3978 nee
1015 3943 1095 3989 negat
1104 3947 1154 3979 nee
1165 3942 1264 3990 reJrctt,
1277 3942 1306 3980 ut
1315 3942 1389 3998 patet
1400 3949 1433 3982 ex

347 4015 369 4051 2,
390 4014 413 4049 2,
426 4011 451 4054 q.
467 4011 516 4051 179,
529 4001 580 4040 art.
593 4012 606 4040 2
617 3994 652 4040 ad
664 4011 676 4040 2
684 4007 689 4047 ;
703 4002 730 4038 et
746 4007 772 4050 q.
795 3999 844 4042 186.
857 4001 907 4037 art.
928 3998 954 4054 6,Ι
965 4004 988 4037 ο.
1011 3991 1194 4053 Hoc¹tamen,
1215 4005 1265 4049 pro
1283 4006 1433 4050 praecipua

347 4068 430 4112 quam
447 4051 604 4098 alterutrius
624 4050 738 4108 generis.
749 4049 955 4114 ¹contemplativi
973 4048 1015 4094 vel
1034 4054 1128 4103 activi,
1149 4049 1272 4096 continet
1287 4059 1373 4108 parte,
1396 4051 1433 4098 ad

347 4111 423 4170 prius
434 4111 476 4157 vel
487 4108 672 4167 alterumipse
685 4106 806 4154 ascribit.
984 4161 988 4169 ¹
1051 4161 1055 4168 ¹
1206 4163 1210 4171 ¹
1246 4163 1249 4170 ¹
1428 4125 1430 4129 >

344 4192 347 4200 ¹
375 4171 452 4217 ‘³Clr.
463 4166 634 4221 Cassianum,
648 4165 776 4212 Collatiae.
792 4172 826 4219 18,
847 4170 868 4210 5.
884 4165 1020 4210 Arcesstta
1031 4162 1139 4209 vtdetur
1151 4177 1227 4210 vocis
1244 4163 1433 4222 interpretatio

347 4226 458 4275 inventa
476 4240 492 4272 a
510 4227 535 4273 S.
558 4224 710 4281 Augustino
729 4224 822 4268 Enarr.
846 4224 871 4267 in
891 4222 934 4267 Ps.
953 4227 1003 4275 132,
1024 4234 1078 4278 qua
1090 4221 1216 4267 monachi
1229 4223 1432 4280 appellarentur

349 4285 418 4344 equi
430 4283 470 4331 sic
481 4282 576 4329 vivunt
589 4283 616 4328 in
631 4285 714 4327 u'num
726 4287 755 4326 ut
767 4289 849 4326 unum
867 4279 1003 4325 hominem
1022 4278 1133 4325 iaciant.
1153 4296 1161 4321 i
1181 4279 1222 4325 De
1238 4279 1322 4326 variis
1341 4280 1431 4328 decla·

345 4341 500 4390 rationibus
521 4340 602 4397 hujus
620 4338 714 4392 verbi,
729 4337 777 4384 cir.
801 4338 928 4384 Commeat.
947 4340 972 4401 ia
994 4335 1064 4393 regal.
1084 4338 1112 4384 S.
1133 4337 1254 4383 Benedicti
1275 4339 1429 4396 (Martem),

347 4399 440 4454 Migne
458 4400 487 4444 P.
501 4398 533 4444 L.
544 4406 561 4442 t.
575 4405 612 4445 66.
625 4396 676 4442 col.
690 4403 741 4451 245,
754 4404 804 4452 24⁶5
818 4396 860 4441 vel
870 4394 1024 4450 Schiw1etz,
1036 4394 1137 4450 Arakia,
1150 4399 1168 4440 t.
1180 4403 1213 4451 78,
1228 4408 1254 4453 p.
1269 4402 1287 4446 3,
1301 4409 1322 4452 4;
1337 4396 1429 4454 Besse,

346 4457 510 4506 Monaalu'sme
519 4455 634 4516 africam,
644 4466 671 4512 p.
681 4460 718 4510 69.
1197 4458 1202 4468 ·
