3142 5004
346 477 406 542 llil
637 495 839 544 unusquam.
857 493 951 532 suerio
967 493 1006 531 ιιι.
1024 494 1114 531 curor
1129 495 1149 530 ιι

344 632 387 696 ab
410 631 579 696 extraneis
604 633 692 695 dono
715 632 746 695 id
769 631 948 716 accipiant,
967 631 1066 695 modo
1094 631 1126 694 il
1142 638 1306 716 tanquam
1324 631 1437 696 domui

347 721 463 782 datum
478 715 698 798 intelligatur,
716 723 750 777 et
766 734 868 797 penes
889 715 1106 795 Superiorem
1124 715 1283 780 siturum
1302 716 1437 778 subdito

348 799 533 864 concedere
555 802 611 862 vel
633 800 736 861 etiam
760 798 909 862 auferre.
935 798 1032 862 Tunc
1060 797 1148 861 enim
1176 812 1231 868 res
1261 800 1438 862 moraliter

350 889 508 947 censetur
535 883 753 965 incorporata
777 881 996 944 monasterio

342 996 344 1000 v
391 965 458 1029 Sed
473 966 528 1046 qui
545 965 592 1028 sic
608 965 748 1028 meliora
764 984 864 1042 quam
880 983 965 1045 quae
984 964 1058 1026 aliis
1074 970 1272 1046 competunt
1288 963 1437 1026 studiose

350 1047 675 1194 sibidpgocurarerit,
693 1046 845 1129 profecto
868 1048 907 1110 de
930 1046 1135 1130 perfectione
1153 1047 1363 1131 paupertatis
1380 1046 1438 1109 ali·

351 1131 405 1212 qui
467 1130 629 1213 erogarit.
1201 1139 1204 1146 '

151 1258 294 1327 Ἰνηιιιιιι-
392 1239 482 1304 276.
511 1259 537 1300 ι.
563 1237 685 1302 Pecult'i
711 1235 793 1300 ratio
822 1238 900 1299 inest
925 1237 958 1300 in
979 1236 1120 1320 pccunr'c,
1146 1237 1210 1299 etsi
1236 1236 1324 1301 forte
1350 1237 1437 1322 apud

136 1316 164 1364 ³¹*
184 1317 294 1377 exauria.
352 1321 567 1403 Superiorem
585 1319 748 1404 deposita,
767 1339 833 1400 qua
850 1321 924 1401 quis
940 1321 989 1383 uti
1012 1322 1117 1401 possit
1133 1320 1174 1382 ad
1192 1339 1232 1382 ea
1246 1320 1307 1382 sibi
1318 1325 1437 1401 compo·

350 1403 451 1465 raudo
480 1404 600 1484 quibus
627 1423 711 1484 opus
738 1403 864 1465 habeat
893 1404 935 1465 ad
965 1403 1087 1471 victum,
1121 1402 1270 1472 vestitum,
1305 1402 1437 1464 cubiculi

349 1485 562 1569 supellectilem
577 1492 611 1548 et
633 1487 698 1548 alia
715 1485 918 1566 hujusmodi.
937 1486 1127 1548 Accedente
1143 1493 1255 1548 tamen
1274 1485 1434 1547 facultate

351 1570 554 1651 SuperioriS,
568 1568 628 1630 tali
644 1569 796 1650 deposito
812 1569 1021 1652 acceptando
1037 1576 1069 1630 ct
1086 1568 1351 1630 administrando
1367 1586 1434 1630 non

350 1652 499 1714 violatur
525 1651 734 1733 paupertatis
761 1659 890 1713 votum.
919 1651 1060 1730 Suarez‚
1087 1652 1110 1712 l.
1135 1672 1164 1714 c.
1183 1670 1212 1714 c.
1243 1672 1290 1727 ιι,
1318 1671 1352 1714 ιι.
1376 1669 1434 1733 45;

350 1735 476 1798 Sanch.
494 1736 515 1796 l.
541 1754 571 1798 c.
588 1754 618 1797 c.
639 1755 686 1814 19,
705 1754 737 1795 n.
753 1754 808 1814 503
822 1733 944 1816 Laym.
969 1736 991 1798 l.
1009 1754 1037 1796 c.
1054 1754 1083 1796 c.
1108 1754 1137 1815 7,
1156 1753 1189 1795 n.
1206 1757 1238 1815 4.
1255 1733 1372 1816 Excipe
1395 1735 1434 1810 si,

350 1824 387 1878 ut
414 1817 446 1878 in
474 1817 644 1880 Societate
670 1817 762 1900 Jesu‚
780 1837 821 1877 ex
844 1818 928 1879 decl.
953 1818 990 1880 P.
1008 1816 1180 1879 Vincentii
1197 1815 1341 1886 Caraffa,
1370 1836 1436 1880 non

349 1900 479 1982 possint
495 1898 694 1981 Superiores
710 1899 799 1961 hanc
815 1899 984 1961 licentiam
1000 1899 1110 1962 valide
1126 1899 1324 1963 concedere.

391 2004 421 2046 2.
440 1983 595 2045 Habetur
611 1983 790 2062 peculium,
811 1982 868 2044 ubi
884 1982 1063 2063 Religiosis
1079 1984 1132 2044 vel
1148 1981 1351 2045 Monialibus
1367 1983 1435 2046 vic·

349 2072 404 2128 tus
421 2073 552 2128 tantum
569 2065 919 2142 tribuatur,vestitum
935 2075 1048 2128 autem
1065 2064 1181 2127 labore
1197 2085 1357 2130 manuum
1375 2066 1436 2129 sibi

349 2168 547 2230 comparare
564 2149 720 2210 debeant.

388 2254 418 2311 3.
436 2231 569 2294 Pariter
595 2232 636 2293 ad
661 2229 825 2317 peculium
852 2230 949 2308 redit,
968 2230 996 2293 si
1022 2230 1107 2310 quis,
1136 2229 1366 2308 habitualiter,
1391 2231 1433 2292 ab

348 2312 420 2394 ipso
434 2315 616 2396 Superiore
638 2318 814 2395 acceptam
831 2313 975 2375 retineat
984 2312 1146 2394 pecliniam
1164 2333 1265 2394 quam
1280 2313 1313 2376 in
1322 2316 1434 2395 parvos

348 2416 419 2458 risus
428 2396 570 2478 proprios
586 2395 723 2478 proprio
739 2395 908 2458 arbitratu
925 2403 1114 2458 convertat.

162 2522 264 2582 Quidue
388 2504 477 2569 277.
506 2504 679 2582 QuaereS,
715 2501 793 2582 quid
826 2503 866 2564 de
901 2503 1190 2567 administratione
1222 2505 1433 2584 quorundam

132 2580 292 2673 administro
347 2585 512 2646 bonorum
528 2587 561 2646 in
577 2587 788 2646 commodum
805 2593 838 2646 tt
854 2585 1102 2648 incommodum
1119 2586 1336 2650 monasterii?

133 2644 288 2687 ‘mmm'
376 2668 429 2729 R.
447 2667 498 2730 Ab
514 2669 569 2730 illa
595 2667 885 2729 administratione
913 2667 1008 2731 abest
1035 2670 1165 2748 quidem
1188 2670 1275 2733 ratio
1298 2668 1430 2762 peculii.

346 2749 460 2811 Voluit
477 2761 590 2812 tamen
609 2750 712 2812 Cone.
726 2748 820 2812 Trid.
835 2769 862 2811 S.
880 2769 932 2830 25,
948 2771 976 2813 c.
988 2775 1018 2816 2.
1033 2754 1116 2834 Reg.
1134 2758 1171 2813 ut
1183 2751 1431 2816 administratio

346 2832 510 2894 bonorum
524 2831 693 2894 stabilium
706 2838 894 2905 conventus
909 2835 1093 2914 pertineret
1107 2836 1150 2897 ad
1165 2836 1255 2897 solos
1271 2834 1431 2898 officiales

345 2914 550 2992 corumdem,
578 2915 619 2976 ad
636 2921 754 2976 nutum
782 2915 973 2997 Superioris
996 2919 1204 2981 anrovibiles.
1262 2938 1322 2982 uos
1350 2938 1432 2999 ergo

344 2996 454 3059 officio
470 2997 634 3078 depellere
650 2997 774 3078 poterit
790 2999 981 3078 PraelatuS,
1000 3002 1114 3080 etiam,
1132 3006 1169 3063 ut
1185 3001 1233 3064 ait
1280 3021 1430 3086 aymann

343 3081 364 3142 l.
383 3099 411 3142 c.
434 3101 481 3158 12,
496 3079 524 3141 si
540 3100 615 3143 cum
632 3099 798 3143 consensu
815 3081 952 3165 capituli
966 3083 1031 3145 sint
1050 3085 1237 3146 constituti.

160 3217 260 3280 Quippe
384 3189 473 3254 278.
491 3190 652 3268 Quaeres
675 3191 718 3251 de
734 3190 916 3266 vitalitiis,
937 3211 997 3253 seu
1013 3191 1052 3254 de
1069 3191 1108 3254 iis
1134 3211 1219 3273 quae
1245 3213 1304 3276 per
1326 3195 1430 3257 vitam

130 3277 259 3326 vitamus?
338 3271 483 3353 alicujus
513 3271 672 3353 Religiosi
702 3280 780 3334 sunt
814 3272 876 3354 ipsi
908 3275 962 3336 rel
992 3275 1198 3337 monasterio
1225 3277 1429 3359 praestanda

341 3373 374 3417 v.
392 3373 432 3432 gr
461 3377 481 3417 a
498 3355 706 3436 parentibus,
1359 3431 1361 3437 y

335 3445 337 3449 '
381 3438 423 3500 R.
448 3439 500 3500 Ad
526 3437 691 3521 peculium
719 3437 802 3499 haec
819 3443 918 3499 erunt
941 3439 1154 3517 ascribenda,
1182 3440 1209 3503 si
1237 3442 1426 3505 reddituum

340 3520 461 3582 horum
478 3519 631 3599 erogatio
648 3527 777 3601 spectet
794 3519 905 3601 aliquo
923 3522 1022 3584 modo
1037 3523 1079 3584 ad
1096 3523 1319 3603 religiosum.¹

333 3677 336 3684 ,
383 3602 521 3678 Contra,
539 3602 647 3663 omnis
674 3601 792 3684 peculii
815 3603 944 3684 species
967 3616 1157 3684 amovetur,
1183 3617 1215 3667 et
1232 3610 1331 3688 plane
1347 3607 1426 3670 illud

339 3685 427 3762 licet,
445 3683 473 3745 s'i
495 3691 645 3745 summae
660 3686 746 3746 istae
762 3685 862 3747 rebus
879 3688 1076 3750 monasterii
1093 3687 1300 3751 misceantur
1322 3692 1426 3770 atque

337 3787 358 3827 a
371 3765 551 3848 Superiore
564 3766 680 3828 usibus
693 3769 926 3830 communibus
943 3769 1096 3851 deputari
1111 3771 1252 3852 possint,
1268 3773 1423 3853 quamvis

332 3849 493 3929 fortasse,
511 3859 551 3910 e'x
567 3849 710 3930 quadam
724 3851 905 3931 aequitate,
922 3854 1016 3934 prius
1033 3854 1193 3934 respiciat
1209 3854 1252 3916 a'd
1275 3855 1422 3917 necessi·

336 3937 424 3993 tates
439 3931 584 4012 religiosi
602 3934 696 4014 cujus
712 3932 834 3994 intuitu
851 3936 1041 3997 solvuntur.
1054 3936 1371 4018 Scfrnalzgrueber,
1388 3938 1421 4000 in

333 4014 357 4075 l.
382 4035 410 4092 3.
437 4021 462 4074 t.
490 4023 541 4094 35,
567 4036 599 4077 n.
630 4035 733 4098 15·17.
752 4016 821 4078 Cfr.
846 4017 936 4080 decr.
955 4017 990 4086 S.
1009 4017 1135 4099 Congr.
1160 4041 1198 4082 22
1222 4039 1301 4100 aug.
1329 4027 1419 4104 1814,

335 4116 368 4158 n.
390 4118 426 4159 io
441 4100 528 4178 apud
544 4099 735 4179 Netuegna,
754 4119 785 4180 p.
807 4118 875 4179 135.
1391 4161 1393 4165 .

144 4239 279 4288 Momm„
373 4204 463 4269 279.
480 4204 510 4266 ΙΙ
525 4204 599 4288 Jam
615 4205 655 4266 de
670 4206 796 4267 morali
812 4207 979 4286 agendum
1002 4213 1102 4268 estet
1123 4208 1279 4285 juridica
1295 4209 1417 4291 peculii

112 4295 276 4365 jurrczraaes-
331 4285 641 4362 ‚aestimationem
659 4288 830 4350 Peculium
851 4288 981 4370 perfecti
998 4288 1084 4370 juris
1100 4292 1305 4355 adversatur
1334 4301 1416 4357 voto

117 4360 278 4472 {jssssflififffiss
331 4369 744 4451 paupertatisreligiosae,
762 4379 798 4431 ut
815 4371 1038 4434 communiter
1054 4373 1252 4456 intelligitur
1270 4376 1303 4439 in
1319 4393 1417 4457 prae.

111 4469 187 4528 snm
329 4452 414 4514 senti
427 4452 516 4533 jure.
533 4451 711 4514 Manifesta
734 4451 822 4514 enim
839 4473 937 4516 usum
953 4454 1104 4518 continet
1120 4457 1424 4548 independentem·
