3148 5004
20 4566 29 4598 1

148 471 324 552 [Ml-104]
452 493 490 527 ne
506 491 649 528 aaronitas
664 491 742 527 nouo
758 491 944 527 accusantum

457 641 483 704 Ι.
509 643 562 702 De
586 633 927 720 assensu'Episcopi
1013 633 1015 637 ’

195 802 281 866 104.
312 821 341 864 1.
375 798 571 878 Requiritur
601 817 760 890 assensus
790 797 935 879 Episcopi
962 796 1022 859 ioci
1049 797 1084 860 iu
1110 817 1170 879 quo
1200 803 1243 862 est
1267 793 1273 846 Σ

151 883 298 966 erigenda
313 881 433 944 domus
1238 963 1240 968 Α

183 975 278 1033 Vetus
290 985 335 1032 est
348 976 422 1032 haec
442 972 607 1045 disciplina,
622 975 736 1030 sancita
748 971 812 1048 jarn
824 991 842 1030 a
856 974 890 1032 C.
902 974 1140 1032 Chalcedonensi
1152 975 1239 1050 (451),

149 1076 239 1132 quarn
255 1060 352 1132 vigere
367 1058 457 1115 etiarn
471 1058 571 1114 seculo
593 1074 634 1114 xn
655 1067 801 1116 testantur
813 1076 944 1115 canones
959 1075 1004 1116 10.
1023 1075 1065 1116 12.
1083 1075 1126 1132 13,
1143 1059 1178 1116 C.
1195 1060 1239 1129 18,

152 1162 182 1218 q.
197 1159 224 1212 2,
237 1139 357 1200 Decrrli
369 1138 523 1200 Gratiani.
538 1140 563 1198 A
579 1143 677 1199 medio
690 1161 749 1200 sec.
764 1160 820 1200 xm
833 1143 929 1199 eidem
944 1155 1082 1216 coeptum
1101 1152 1145 1200 est
1157 1145 1251 1207 dero··

150 1227 212 1300 gari
225 1243 277 1299 per
289 1226 442 1299 privilegia
455 1225 704 1296 Mendicantium,
722 1227 817 1283 donec
830 1226 965 1283 restituta
978 1237 1053 1283 esta
1063 1216 1241 1284 Tridentina

148 1313 272 1388 synodo,
284 1330 310 1370 c.
325 1329 353 1386 3,
367 1329 391 1368 s.
406 1326 441 1386 25
456 1309 504 1369 De
518 1309 608 1390 Reg„
626 1336 640 1364 a
652 1313 716 1370 Nec
731 1314 768 1369 de
780 1321 877 1370 cetero
892 1313 1002 1371 similia
1015 1315 1081 1370 loca
1091 1316 1243 1388 erigantur

147 1397 212 1454 sine
239 1395 377 1469 Episcopi
409 1397 441 1452 in
470 1397 557 1472 cujus
584 1397 711 1455 dioecesi
739 1397 879 1470 erigenda
912 1408 982 1454 sunt
1014 1398 1135 1455 licentia
1160 1398 1243 1472 prius

148 1482 311 1538 obtenta.»

192 1566 373 1646 Negotium
401 1585 503 1648 porro
525 1565 605 1628 illud
631 1565 843 1628 existimatur
858 1586 900 1628 ex
914 1567 1129 1646 gravioribus
1148 1565 1246 1630 etex

155 1647 194 1710 iis
215 1667 300 1728 quae
317 1656 444 1711 statum
460 1655 593 1711 mutant
617 1649 793 1712 dioecesis
810 1650 863 1712 Ex
877 1650 988 1730 priore
1005 1650 1126 1742 capite,
1145 1648 1245 1711 venia

153 1731 219 1794 ista
241 1730 313 1793 dari
339 1733 454 1812 nequit
478 1753 498 1792 a
529 1731 652 1795 Vicario
675 1729 815 1815 generali
839 1731 903 1794 siue
927 1731 1051 1813 speciali
1073 1732 1244 1796 ruandaio:

154 1814 202 1876 ita
215 1814 403 1877 communis
417 1816 597 1893 sententia,
612 1835 710 1895 quae,
724 1835 764 1877 ex
776 1816 883 1894 altero
896 1815 1018 1895 capite,
1032 1814 1135 1878 etiarn
1150 1819 1244 1876 vetat

156 1915 199 1958 ne
225 1898 433 1959 concedatur
462 1917 481 1958 a
512 1897 635 1961 Vicario
665 1895 841 1978 capitulari,
872 1923 886 1953 a
915 1899 964 1960 Ne
995 1898 1074 1959 sede
1099 1904 1244 1960 vacante

159 1979 282 2059 aliquid
299 1978 539 2042 innovetur1»
559 1982 708 2059 (111.8in
725 1979 782 2060 6).
1049 2041 1051 2046 ,
1173 2041 1175 2044 .

199 2084 229 2124 2.
246 2063 342 2124 Prius
357 2062 441 2125 debet
456 2062 529 2125 dari
543 2063 630 2124 venia
646 2082 746 2142 quam
762 2063 913 2144 erigatur
925 2061 1043 2124 domus
1058 2083 1065 2140 ;
1082 2069 1119 2122 ut
1132 2068 1245 2122 tamen

159 2145 294 2207 condita
310 2145 583 2208 domus‘retineri
599 2147 719 2228 possit,
738 2147 820 2208 satis
836 2145 971 2206 videtur
997 2163 1071 2205 esse
1099 2146 1124 2204 si
1139 2141 1245 2223 'Epis-

158 2245 262 2310 copus
293 2235 403 2289 ratam
433 2228 590 2290 habuerit
620 2228 836 2291 erectionem.
875 2225 1128 2309 Ratihabitione
1158 2224 1245 2284 enim

157 2309 379 2371 confirmatur
409 2313 496 2390 quod
526 2311 653 2372 lactum
680 2320 731 2372 est
757 2317 790 2372 et
821 2317 963 2370 sanatur
992 2307 1155 2370 defectus.
1184 2304 1245 2366 Cui

158 2391 358 2470 argumento
382 2394 510 2457 accedit
526 2393 713 2456 auctoritas
729 2392 779 2457 Pii
794 2409 840 2470 IX,
855 2393 887 2454 in
902 2390 1022 2453 litteris
1035 2410 1119 2470 quas
1135 2393 1174 2456 26
1190 2407 1245 2449 oc·

160 2473 250 2535 tobr.
271 2479 347 2552 1865
364 2475 453 2537 dedit
476 2476 519 2537 ad
545 2476 595 2538 lll.
621 2477 780 2557 Archiep.
797 2470 1025 2545 Parisien'sem
1038 2473 1190 2558 Darboy,
1208 2478 1246 2533 ut

160 2554 348 2618 vindicaret
384 2559 633 2640 exemptionem
674 2558 955 2621 monasteriorum
991 2555 1242 2618 Parisiensiurn.

160 2637 255 2700 Haec
282 2639 369 2702 enirn
398 2640 501 2702 habet
530 2642 569 2703 de
588 2643 716 2703 'nostra
739 2659 864 2703 causa:
894 2665 907 2694 «
933 2640 983 2702 Te
1001 2639 1139 2703 minime
1163 2641 1256 2707 latet¹

156 2721 247 2783 hunc
275 2741 348 2784 esse
371 2723 546 2805 proprium
572 2727 763 2786 naturalem
778 2738 811 2785 et
824 2723 1006 2803 juridicum
1028 2721 1136 2784 omnis
1164 2720 1245 2783 rati·

157 2803 338 2866 habitionis
366 2824 452 2885 quae
483 2825 524 2868 ex
555 2807 774 2886 sequentibus
803 2805 902 2868 iactis
935 2805 1045 2867 oritur
1075 2803 1243 2878 effectum,

156 2887 297 3031 ἓεῖαῃάἰ
314 2889 451 3032 tspilr'cet
474 2888 641 2951 defectum
657 2889 744 2951 illius
757 2898 853 2951 actus
870 2887 925 2969 qui
937 2893 1029 2950 recte
1042 2886 1244 2968 praecedere

179 2989 195 3030 e
222 2990 310 3032 uisse
358 2998 401 3032 .»
1154 2988 1156 2992 '

196 3074 226 3131 3.
244 3055 413 3114 Assensus
440 3052 569 3114 dandus
592 3061 643 3115 est
671 3081 686 3111 ‹
710 3053 824 3116 uocatis
852 3051 1075 3115 clauditis...
1105 3051 1245 3114 iuteresse

154 3132 343 3196 habentibus.
370 3162 384 3190 »
414 3135 569 3198 Clemens
599 3153 673 3214 v111,
703 3137 740 3199 C.
772 3136 938 3219 Quoniam,
969 3139 1008 3198 26
1037 3155 1116 3215 aug.
1151 3138 1242 3210 1603,

155 3217 357 3281 confirmata
375 3218 413 3281 C.
431 3218 511 3280 Cura
528 3216 619 3286 alias,
640 3220 794 3299 Gregorii
810 3235 866 3296 xv,
888 3238 922 3298 17
938 3237 1016 3297 aug.
1038 3222 1127 3279 1622.

196 3301 292 3362 Istud
317 3312 443 3379 tamen,
472 3320 513 3362 ex
542 3300 580 3365 C.
604 3301 684 3365 Cum
700 3301 790 3379 aliur,
808 3301 951 3380 benigne
967 3298 1103 3378 intelligi
1120 3302 1243 3379 potest,

155 3394 318 3462 quantum
334 3403 419 3465 opus
445 3394 497 3444 est
524 3391 562 3445 ut
584 3385 752 3466 Episcopo
769 3389 901 3446 constet
924 3383 1058 3444 domurn
1075 3379 1158 3459 erigi
1174 3378 1246 3440 sine

1334 822 1464 882 Cujusuam

1300 880 1409 941 putandus
1426 895 1463 927 as·

1306 952 1393 986 sursus.

1335 1582 1410 1629 Venia
1428 1595 1460 1627 an

1302 1638 1359 1686 duri
1384 1639 1460 1698 possit

1250 1731 1253 1741 ,
1303 1713 1318 1744 a
1332 1697 1461 1754 Vr'caroge·

1304 1755 1388 1806 rurali,
1401 1755 1462 1814 capi·

1305 1813 1387 1860 talari.
1397 1817 1399 1820 '

1317 2060 1459 2109 Veniadan-
1530 2063 1535 2074 '

1302 2119 1334 2166 da
1356 2125 1388 2166 est
1407 2123 1461 2164 ante

1303 2179 1449 2224 erectiorem.

1332 2287 1395 2347 Quid
1416 2287 1439 2333 si

1299 2358 1362 2392 mere
1377 2345 1460 2392 labra·

1300 2407 1342 2448 tur
1353 2408 1417 2450 rata.

1321 3075 1429 3122 Voraudr'
1439 3077 1460 3121 ii

1301 3146 1397 3190 quorum
1406 3135 1461 3179 inte·

1302 3195 1362 3241 rest,¹
1370 3205 1414 3248 pua
1425 3192 1459 3236 ri·

1299 3260 1355 3304 gare
1359 3248 1445 3306 juris?

159 3464 362 3527 detrimento
378 3485 494 3529 eorum
512 3469 825 3545 quorum'interest.
843 3465 914 3528 Cir.
932 3473 1045 3527 tamen
1072 3461 1245 3525 Schmalz·
1317 3500 1321 3505 -

156 3547 312 3626 grueber,
330 3549 362 3610 in
380 3550 401 3611 l.
417 3571 446 3628 3,
465 3557 490 3610 t.
506 3554 556 3628 36,
574 3570 608 3612 n.
624 3574 675 3632 44,
692 3560 744 3630 45'.
1201 3579 1225 3637 '.

178 3629 314 3709 ltaque
337 3634 370 3708 a)
392 3633 444 3694 Ea
472 3633 513 3694 de
539 3652 642 3693 causa
672 3633 815 3696 vocandi
842 3637 933 3708 sunt,
960 3649 1002 3692 ex
1027 3627 1107 3710 ipsis
1133 3626 1245 3688 verbrs

156 3709 427 3793 ConstitutioniS,
456 3715 647 3796 superiores
671 3715 725 3776 vel
747 3721 987 3796 procuratores
1005 3714 1149 3773 aliorum
1166 3729 1245 3771 con·

154 3803 316 3857 ventuum
348 3797 403 3876 qui
433 3797 599 3858 exsistunt
629 3798 718 3859 intra
750 3805 910 3878 quattuor
936 3794 1039 3857 millia
1071 3812 1244 3876 passuum.

154 3876 403 3940 Detrimentum
415 3898 498 3940 vero
515 3880 603 3960 quod
614 3880 706 3961 juste
723 3885 974 3959 conquerantur
991 3879 1060 3939 lere
1076 3876 1165 3939 istud
1181 3882 1244 3953 est,

155 3960 268 4022 sedern
285 3960 423 4024 concedi
439 3981 506 4023 non
532 3981 630 4043 posse
645 3962 717 4024 aliis
734 3961 898 4041 religiosis
914 3961 993 4041 quin
1009 3959 1082 4042 ipsi,
1108 3957 1163 4039 qui
1175 3959 1245 4051 jam

55 4109 59 4120 ¹
154 4040 243 4103 illius
265 4043 330 4106 loci
352 4053 432 4106 sunt
446 4045 588 4118 incolae,
613 4044 790 4120 laboriose,
816 4046 935 4106 saltem
961 4065 997 4106 12
1013 4060 1166 4118 nomem,
1183 4040 1247 4103 srbt

156 4132 322 4203 quaerant
349 4127 476 4189 victum
503 4135 537 4188 et
563 4126 734 4190 alimenta.
762 4127 814 4188 Ita
840 4126 1018 4203 Maschiat,
1042 4123 1172 4187 Eleaclr.
1196 4139 1244 4199 vr,

156 4225 189 4268 n.
208 4212 247 4287 85
264 4224 305 4270 ex
321 4208 356 4271 S.
374 4209 476 4272 Rota.
494 4231 501 4244 ¹
1205 4223 1208 4226 ’
1228 4224 1230 4229 ’

183 4429 189 4464 ¹
201 4427 291 4476 Ambo
299 4428 368 4480 haec
377 4427 574 4496 confirmantur
585 4425 721 4488 responsis
731 4428 757 4476 S.
767 4427 900 4486 congreg.
908 4422 963 4472 Cir.
973 4421 1045 4479 Piat,
1055 4435 1084 4479 11,
1094 4436 1122 4482 p.
1132 4429 1184 4481 273,
1192 4437 1243 4479 274.

183 4490 194 4523 ²
205 4486 261 4536 Cir.
273 4489 337 4535 Acta
347 4489 376 4535 S.
388 4487 458 4535 Sedis
469 4500 505 4544 x1,
517 4500 544 4546 p.
556 4502 608 4544 217.

1162 4563 1178 4612 5

1323 3641 1459 3702 Superiores

1300 3705 1424 3759 regulares,
