3142 5004
158 474 342 564 [254-257]
432 498 868 538 DEOBLIGATIONIBUSREL1G1051
885 497 1013 532 rnorasu
1188 471 1248 534 i53
1291 503 1296 516 ·

155 631 318 712 praestita
340 630 388 692 rei
411 627 576 704 custodia)
593 625 667 688 aliis
692 624 827 686 videtur
843 630 931 686 voto·
949 642 1151 704 repugnare,
1170 641 1246 686 cum

153 712 276 776 inferat
312 719 503 794 susceptam
539 707 783 782 obligationem
821 707 875 769 cui
913 709 1009 788 plene
1048 706 1245 768 satisfacere

152 801 299 875 nequeat
312 795 372 856 nisi
387 792 628 876 proprietarius
641 791 794 868 (Melina,
809 790 857 850 Dc
876 789 1101 865 Coiztractz'bus,
1117 788 1137 848 d
1172 807 1243 868 525,

154 900 188 940 n.
206 882 236 956 3)
252 899 259 954 ;
278 879 365 958 quod
381 876 436 938 alii
452 881 588 956 negant,
607 893 684 934 cum
700 892 768 933 non
786 874 958 934 contineat
976 880 1090 933 actum
1108 872 1244 934 dominii

155 963 187 1023 in
214 980 285 1022 rem
307 960 505 1042 depositam.
523 958 662 1032 Suarez,
681 957 703 1017 l.
722 974 751 1016 c.
771 975 801 1017 c.
822 978 869 1034 11,
895 976 928 1017 n.
956 973 994 1037 45
1012 976 1018 1032 ;
1046 954 1202 1034 Genicot,
1220 971 1245 1016 11

156 1061 330 1220 Ποξὲῧετιε
344 1137 386 1200 ad
402 1136 486 1199 alios
509 1137 592 1198 fines
608 1154 708 1214 quam
726 1133 781 1213 qui
798 1132 934 1195 laxativo
959 1132 1026 1193 sint
1048 1153 1067 1194 a
1085 1132 1242 1192 Praelato

158 1241 314 1303 expresse
330 1223 384 1283 vel
405 1219 508 1282 tacite
531 1218 665 1279 indicati
681 1239 688 1293 ;
706 1227 739 1278 et
758 1218 854 1297 proin
878 1215 1082 1296 negligentia
1099 1214 1167 1274 lata
1184 1213 1194 1240 ¹
1211 1214 1245 1274 in

158 1304 301 1381 utendis,
331 1301 567 1365 consumendis
595 1300 695 1361 rebus
720 1319 875 1379 quarum,
894 1308 930 1358 ut
947 1318 980 1360 v.
1008 1318 1059 1378 gr.
1090 1297 1242 1384 chartae,

157 1387 232 1465 olei,
260 1385 432 1468 dispositio
459 1382 649 1446 rationabili
682 1382 827 1463 religiosi
851 1381 992 1442 arbitrio
1023 1379 1242 1462 permittitur.

157 1469 229 1532 Cir.
247 1470 414 1545 Lessium‚
432 1489 465 1530 n.
484 1488 522 1547 79
537 1485 545 1544 ;
563 1467 753 1546 Laymann,
771 1469 792 1527 l.
811 1485 840 1526 c.
857 1485 891 1527 n.
909 1469 940 1525 6.

197 1568 227 1624 8.
245 1563 385 1623 Retentio
401 1562 449 1622 rei
471 1564 561 1622 ultra
585 1567 717 1640 tempus
740 1559 782 1619 ad
806 1559 893 1639 quod
920 1554 1137 1619 conceditur:
1162 1563 1201 1618 ut
1216 1556 1244 1618 si
1274 1563 1279 1572 '

156 1644 281 1705 diutius
304 1645 450 1705 retineas
473 1645 576 1704 libros
601 1662 682 1702 usus
706 1641 916 1703 communis:
942 1641 1006 1702 hoc
1033 1647 1146 1702 tamen
1175 1659 1242 1721 non

154 1727 218 1786 erit
240 1743 355 1804 grave,
380 1725 580 1806 praesertim
603 1725 629 1784 si
655 1726 741 1785 alter
765 1727 820 1802 qui
843 1723 991 1803 indigeat
1008 1722 1104 1784 tacite
1128 1724 1243 1785 deten-

154 1813 264 1868 torein
278 1826 455 1887 agnosceri
470 1806 589 1887 possit.
601 1807 706 1866 Multo
718 1805 822 1884 magis
837 1808 1026 1886 paupertati
1041 1808 1243 1867 adversatur

155 1887 375 1952 occultatione
393 1891 567 1951 Praelatus
585 1909 654 1950 rem
671 1887 806 1948 auterre
822 1891 939 1968 possit.

108 2005 110 2010 ·
199 1984 327 2046 Contra
352 1992 469 2046 votum
497 1982 612 2045 fecerit
639 2003 680 2043 ex
706 1982 818 2042 animo
845 1982 1062 2063 proprietatis
1089 1982 1145 2061 qui
1173 2003 1244 2045 rem

157 2066 317 2146 aliquam,
332 2067 432 2129 etiam
448 2087 523 2127 cum
541 2064 639 2127 venia
651 2065 838 2140 obtentam,
857 2063 927 2125 idco.
939 2064 1089 2125 clavibus
1106 2065 1243 2126 obserat

157 2170 198 2212 ue
215 2169 234 2209 a
250 2151 422 2229 superiore
445 2148 571 2211 aulerri
588 2148 705 2226 possit.
724 2147 758 2210 Si
775 2167 815 2206 ex
831 2146 896 2207 alio
914 2147 990 2221 tine,
1008 2167 1041 2208 v.
1059 2165 1111 2224 gr.
1130 2167 1171 2208 ne
1187 2146 1242 2206 alii

158 2231 348 2313 importune
364 2233 511 2308 videant,
531 2251 572 2292 ne
591 2231 769 2292 Praelatus
785 2228 923 2289 inferior
945 2228 990 2289 illi
1007 2229 1062 2304 qui
1091 2228 1240 2308 permisit

182 2323 252 2375 etat
276 2316 526 2376 revocationem
543 2313 725 2388 facultatis,
751 2321 868 2372 votum
885 2330 951 2372 non
968 2311 1160 2386 violabitur,
1179 2310 1242 2372 nisi

158 2333 222 2458 boc
241 2404 340 2479 pacto
352 2398 451 2458 venia
466 2396 677 2456 existimetur
693 2396 772 2456 data
789 2400 826 2454 ut
840 2393 920 2455 nihil
938 2392 1111 2474 Superiori
1128 2394 1242 2455 imme·

156 2477 247 2540 diato
264 2478 307 2540 sit
323 2481 487 2540 clausum.
505 2477 674 2554 Palmieri,
696 2477 764 2555 148,
782 2485 815 2537 et
833 2475 872 2538 C.
886 2477 925 2537 de
937 2476 1048 2556 Lug0.

193 2586 283 2650 257.
298 2587 443 2664 Contra,
462 2585 551 2646 vitio
563 2584 797 2661 proprietatis
811 2602 881 2644 non
899 2581 1094 2653 inficiuntur
1109 2604 1117 2646 t

133 2744 135 2750 ,
195 2702 222 2742 1.
239 2678 482 2742 Administratio
495 2678 541 2740 rei
558 2677 709 2755 alteriuS,
730 2678 831 2758 hujus
848 2677 982 2739 nomine
999 2678 1089 2740 facta
1105 2698 1112 2740 :
1130 2684 1242 2760 potest

151 2770 264 2823 tamen
292 2781 482 2844 repugnare
509 2760 719 2822 obedientiae
744 2769 778 2821 et
806 2759 963 2839 religioso
987 2762 1102 2822 statui.

194 2879 224 2919 a.
239 2856 415 2918 Destructc'o
428 2857 474 2918 rei
489 2855 748 2936 (probabiliter).
767 2855 886 2916 sincere
902 2855 1006 2917 facias
1023 2856 1134 2918 animo
1151 2858 1242 2918 dam·

153 2939 332 3000 mificandi.
350 2941 454 3000 Deest
476 2938 610 3000 animus
636 2939 793 3019 propriae
809 2937 964 2999 utilitatis
988 2958 1073 3019 quae
1096 2939 1243 3001 habendi

151 3021 236 3101 juris
253 3021 364 3081 animo
380 3022 585 3083 continetur.
603 3020 668 3082 Sed
685 3020 923 3081 adversabitur
935 3021 1100 3102 justitiae.

198 3136 228 3193 3.
255 3114 394 3194 Acceptio
413 3115 560 3194 pecuniae
585 3115 618 3175 c'n
644 3134 734 3175 urrani
758 3115 848 3194 pium
877 3116 1161 3193 determinatum3
1190 3120 1243 3179 vel

157 3199 268 3273 etiam,
287 3206 323 3257 ut
344 3196 514 3276 probabile
532 3205 594 3274 cst,
614 3197 647 3258 in
665 3200 755 3277 opera
771 3196 829 3276 pia
852 3216 937 3276 quae
961 3198 1138 3277 religiosus
1164 3201 1242 3262 defi·

156 3281 228 3342 nire
251 3279 368 3360 possit.
393 3278 427 3340 Si
450 3285 562 3340 autem
585 3280 627 3340 ad
650 3279 826 3342 arbitrium
850 3280 955 3360 possit
978 3279 1011 3341 in
1035 3300 1117 3343 usus
1139 3283 1240 3343 etiam

168 3445 508 3453 --mffl

182 3537 188 3570 ¹
203 3553 212 3579 i
227 3535 265 3582 Ut
275 3533 297 3582 si
309 3540 405 3590 vestes,
418 3548 489 3594 quae
505 3533 540 3582 ad
552 3549 656 3600 annum
673 3536 772 3585 durare
794 3541 913 3595 possent,
934 3550 985 3583 sua
1002 3538 1058 3583 lata
1074 3536 1156 3594 culpa
1172 3536 1243 3586 intra

152 3605 198 3638 seii
210 3607 315 3640 menses
334 3599 538 3648 consumantur,
552 3602 588 3640 ita
601 3601 631 3639 ut
643 3601 793 3642 conventus
804 3595 838 3642 ad
850 3609 936 3642 novos
956 3601 1081 3653 sumptus
1102 3593 1243 3643 faciendos

151 3648 296 3714 obligetur.
315 3650 391 3698 Idem
408 3649 462 3698 dici
481 3657 569 3708 potest
585 3651 619 3697 de
636 3651 722 3705 libris.
740 3652 774 3699 de
790 3652 894 3708 charta,
912 3654 972 3700 oleo
994 3658 1022 3699 et
1043 3651 1189 3707 similibus,
1214 3654 1242 3700 in

150 3706 252 3771 quibus
269 3708 398 3766 majorem
415 3723 509 3756 curam
525 3707 607 3755 debet
627 3710 781 3770 lteligiosus
799 3709 910 3764 habere,
929 3724 1011 3770 quain
1028 3709 1049 3756 si
1063 3719 1132 3757 esset
1148 3725 1243 3760 eorum

151 3767 287 3820 dominus,
306 3781 369 3813 cum
388 3768 476 3813 solum
495 3765 604 3831 habeat
616 3781 695 3814 usum
714 3766 790 3822 facti,
810 3774 837 3814 et
856 3782 910 3815 non
932 3768 1017 3826 possit
1038 3782 1087 3826 pro
1108 3765 1188 3815 libito
1209 3784 1242 3816 ea

153 3834 319 3885 consumere.
344 3825 422 3872 Haec
442 3833 532 3872 tamen
549 3823 682 3884 obligatio
701 3839 755 3872 non
777 3825 858 3873 facile
880 3827 1021 3884 perveniet
1039 3826 1075 3874 ad
1097 3833 1241 3884 peccatum

153 3891 234 3941 grave
252 3893 279 3925 in
296 3894 346 3927 usu
365 3896 460 3929 earum
480 3897 570 3929 rerum
586 3885 622 3932 ob
644 3897 712 3942 quas
733 3889 884 3930 conventus
905 3884 932 3930 in
954 3882 1033 3930 bonis
1049 3883 1241 3932 communibus

153 3935 345 3998 detrimentum
361 3953 415 3986 nori
431 3941 521 3995 sentit,
534 3946 564 3987 ut
579 3941 601 3986 si
619 3956 651 3989 ex
667 3941 841 3999 eleemosyna
853 3941 957 3999 accipis
969 3951 1070 3988 vestem
1088 3940 1124 3988 ab
1140 3956 1240 3997 amico.

152 3991 195 4038 vel
207 3992 300 4050 aliqua
316 3995 498 4044 comestibilia
510 4011 572 4045 cuni
584 3997 705 4048 licentia.
718 4013 790 4058 quae
807 4006 897 4045 tamen
909 3998 945 4046 ob
957 4007 1032 4046 tuam
1050 3999 1242 4058 negligentiam

152 4061 365 4114 corrumpuntur
380 4062 406 4100 et
417 4055 605 4105 destruuntur:
620 4057 647 4103 in
658 4057 720 4102 aliis
731 4065 830 4110 tamen,
838 4070 909 4115 quae
920 4071 951 4103 ex
962 4055 1042 4103 bonis
1051 4056 1243 4104 communibus

152 4115 361 4172 participamus,
378 4111 562 4172 diligentiores
579 4113 710 4162 debemus
721 4128 788 4167 esse,
801 4122 827 4161 et
847 4127 880 4160 eo
890 4114 977 4172 magis
987 4114 1022 4161 ad
1033 4128 1126 4162 eorum
1138 4127 1243 4161 conser-

152 4174 290 4214 vationem
301 4169 450 4223 attendere,
470 4171 543 4230 quod
562 4171 704 4219 liberalius
715 4171 897 4220 communitas
915 4173 975 4230 ipsa
994 4171 1120 4230 providet
1137 4180 1163 4219 et
1181 4171 1243 4220 fidit

152 4229 261 4278 nostrae
272 4237 363 4289 curae,
376 4240 430 4273 non
441 4230 618 4286 numerando,
632 4231 673 4276 vel
685 4230 875 4283 mensurando,
889 4229 1020 4284 chartam,
1034 4231 1132 4284 oleum,
1143 4230 1241 4276 cande·

154 4282 208 4329 lain
227 4289 254 4328 et
272 4284 335 4348 arlia,
355 4284 463 4332 seinos
477 4285 596 4343 singulos
608 4287 684 4347 quasi
697 4301 860 4334 oeconomos
870 4294 896 4333 et
907 4287 1141 4334 administratores
1151 4302 1242 4335 rerum

154 4353 340 4406 communium
351 4343 551 4399 constituendo,
562 4353 590 4391 ut
600 4345 680 4393 nobis
687 4345 764 4404 juxta
776 4353 897 4392 nostrum
909 4344 1053 4393 arbitrium
1065 4350 1091 4392 et
1102 4347 1240 4392 conscien-

152 4401 219 4444 tiam
230 4398 263 4444 de
274 4397 356 4448 rebus
366 4401 526 4450 necessariis
536 4403 721 4461 provideatur.
734 4405 809 4451 nulla
820 4403 907 4462 petita
917 4409 965 4450 aut
973 4401 1081 4450 reddita
1091 4402 1197 4450 ratione
1207 4403 1242 4450 de

152 4456 234 4503 modo
245 4469 300 4516 quo
310 4465 517 4508 consumuntur.
532 4475 541 4504 i
555 4461 611 4510 Cir.
625 4463 655 4510 C.
670 4461 703 4510 de
715 4461 799 4522 Lugo,
814 4462 831 4509 l.
845 4476 868 4510 c.
881 4475 908 4509 n.
922 4469 972 4520 169.

1325 2600 1439 2660 Exempla

1296 2662 1387 2706 actuum
1415 2658 1457 2718 qui

1296 2732 1344 2764 non
1372 2715 1454 2763 aduer-
1541 2749 1542 2754 ,

1296 2780 1382 2842 santur
1397 2779 1454 2835 pau·

1293 2838 1390 2893 perlata.
