3148 5004
158 447 340 554 [aia-325]
615 471 829 532 sarnitan
1161 473 1242 538 xvu

1158 607 1190 648 Pa
1207 605 1244 646 ina

276 681 437 744 Articulis
452 682 471 742 I
473 681 510 744 V.
534 682 585 743 De
608 665 778 745 nonnullis
802 683 1061 764 obligationibus
1082 686 1158 747 sub·
1192 620 1206 658 g

573 796 695 839 secivis

320 913 336 994 ξ
363 933 390 975 1.
413 913 462 974 De
484 911 666 994 obligatione
686 911 843 975 clausurae

150 1123 152 1130 Ι
224 1043 265 1117 ,L
283 1043 334 1104 De
351 1042 664 1104 communiratione
681 1043 882 1104 clausurae.
1039 1087 1047 1105 .
1094 1089 1101 1106 .
1149 1064 1240 1126 ,175

184 1171 335 1220 Clausurae
346 1171 467 1218 formalis
477 1169 558 1226 ratio,
572 1178 623 1218 301.
640 1197 667 1204 —
678 1169 800 1231 Quinam
812 1174 956 1218 teneantur
967 1169 1073 1232 legibus
1084 1173 1155 1219 clau·

154 1255 243 1298 surae,
256 1249 307 1290 302.

236 1351 278 1414 Π.
302 1351 353 1412 De
378 1351 536 1413 clausura
555 1350 705 1413 virorum
712 1397 992 1412 ......
1019 1397 1047 1412 ,.
1094 1395 1117 1412 .-
1150 1397 1157 1412 .
1185 1358 1242 1432 176

181 1481 319 1530 Materiali
338 1483 466 1530 clausura
482 1481 602 1530 afficitur
611 1485 763 1530 conventus
781 1482 890 1540 proprie
899 1481 998 1538 dictus,
1012 1489 1062 1529 303.
1074 1509 1103 1517 -
1115 1483 1156 1529 De

151 1551 291 1612 prohibito
310 1566 427 1612 egressu.
452 1561 494 1608 304
522 1579 550 1588 —
571 1553 658 1600 Casus
677 1551 866 1608 clementinus,
888 1557 938 1600 305.
961 1580 989 1588 -
1011 1553 1052 1599 De
1071 1552 1155 1600 vetito

151 1622 298 1671 mulierum
309 1623 439 1688 ingressu,
458 1632 509 1671 306.
527 1651 556 1658 -
572 1621 733 1672 Sanctiones
748 1621 830 1680 hujus
845 1622 1004 1682 posterioris
1014 1623 1088 1683 legis,
1101 1631 1152 1680 307.

152 1693 195 1740 De
205 1694 334 1741 clausura
345 1693 373 1741 in
384 1690 571 1748 missionibus,
585 1700 636 1739 308.
649 1719 678 1726 —
688 1693 839 1740 Clausurae
851 1692 962 1749 amoti0,
977 1701 1028 1752 309.

235 1802 294 1864 III.
312 1803 361 1864 De
378 1805 537 1864 clausura
554 1800 781 1864 monialium.v
817 1849 1156 1866 .......
1184 1825 1242 1886 179
1285 1821 1286 1830 ¹

182 1933 316 1980 Clausura
327 1931 498 1987 monialium,
511 1939 561 1979 310.
574 1958 603 1965 —
615 1932 655 1978 De
666 1931 845 1990 eleemosynis
857 1929 1052 1992 quaeritandis,
1067 1940 1116 1980 311.

238 2099 245 2108 .
283 2043 457 2123 Parergon.
474 2041 526 2103 De
542 2060 681 2102 accessu
698 2041 740 2102 ad
757 2043 905 2102 claustra
925 2040 1119 2102 monialium
1149 2087 1157 2103 .
1185 2048 1241 2105 180

183 2171 296 2218 Summa
304 2169 417 2228 iurium,
430 2177 481 2218 312.

243 2287 245 2292 '
318 2277 389 2358 §a
413 2278 460 2339 De
483 2277 667 2360 obligatione
685 2278 814 2360 gerendi
835 2275 992 2340 libitum.
1038 2322 1046 2339 .
1093 2322 1101 2339 .
1148 2280 1238 2340 ,181

185 2405 285 2456 atavis
295 2403 436 2466 obligatio,
450 2414 499 2454 313.

319 2490 336 2572 ᾖ
358 2513 388 2570 3.
412 2492 460 2553 De
481 2490 665 2570 obligatione
688 2489 781 2570 officii
797 2491 896 2555 divini
916 2498 943 2554 et
958 2493 1157 2564 Missaecon-

427 2585 590 2648 ,ventilatis

235 2718 261 2780 Ι.
284 2719 335 2780 De
358 2717 562 2800 obligatione
588 2718 714 2780 chori.
762 2766 769 2780 .
819 2767 825 2780 .
874 2703 888 2780 ‚⁸
928 2765 1156 2782 .....
1184 2725 1240 2782 181

182 2850 223 2896 De
230 2847 454 2896 horiscanonicis
464 2848 491 2896 in
500 2847 584 2896 choro
593 2847 708 2896 etmissa
716 2849 901 2904 conventuali,
915 2857 965 2906 314.
978 2847 1154 2904 -Obligatio

152 2919 311 2969 monialium
319 2919 348 2968 in
359 2919 464 2980 Belgi0,'
474 2926 524 2966 315.
535 2945 563 2953 -
572 2917 712 2979 obligatio
722 2919 882 2967 monialium
891 2933 907 2967 a
916 2919 1089 2974 Visitatione‚
1101 2925 1151 2966 316.

236 3029 277 3091 ΙΙ.
294 3028 345 3090 De
361 3029 495 3110 privata
511 3026 610 3090 officii
626 3028 826 3091 recitatione
872 3073 1156 3092 ......
1183 3033 1241 3108 184

183 3155 265 3205 Notio
276 3164 302 3204 et
311 3156 353 3205 vis
363 3155 546 3217 obligationis,
558 3164 608 3214 317.
616 3185 644 3192 -
655 3159 717 3220 Quo
729 3159 886 3207 calendario
898 3159 932 3208 sit
947 3159 1089 3216 utendum,
1101 3167 1152 3207 318.

267 3286 405 3368 Sectio
422 3287 452 3366 l
454 3285 509 3366 V.
533 3287 597 3368 De
617 3287 799 3368 discessu
819 3288 1115 3392 religiosorum
1148 3348 1155 3365 .
1184 3307 1245 3364 186„

182 3460 325 3509 Discessus
335 3461 412 3509 varia
423 3459 502 3518 rati0,
516 3468 566 3520 319.

273 3568 433 3630 Articulis
455 3570 481 3632 I.
506 3570 557 3631 De
580 3569 834 3648 transeuntibus
857 3569 899 3630 ad
922 3572 1062 3631 alteram
1082 3568 1156 3630 reli-

543 3666 676 3745 gionem
709 3711 1156 3728 .........
1184 3669 1240 3728 186

180 3791 316 3854 Legitima
325 3791 481 3840 transeundi
494 3792 573 3848 rati0‚
587 3800 636 3843 320.
648 3821 675 3828 -
685 3794 726 3840 De
737 3792 853 3842 transitu
865 3808 881 3841 a
893 3795 1109 3854 congregatione
1118 3796 1154 3843 ad

151 3863 292 3920 Ordinem,
312 3864 347 3912 ad
364 3865 446 3913 aliam
467 3866 722 3929 congregationem,
743 3873 794 3914 321.
813 3866 995 3914 -Condicio
1015 3873 1154 3915 transeun-

151 3929 229 3989 tium,
242 3940 292 3982 322.
306 3960 334 3968 —
344 3933 485 3987 Judicium
496 3933 530 3982 de
542 3933 667 3992 transitu,
682 3943 733 3984 323.

274 4040 434 4103 Articulis
454 4042 498 4105 II.
515 4043 567 4104 De
579 4052 718 4123 egressu
735 4043 856 4125 elapsis
872 4044 972 4117 votis,
995 4063 1157 4106 concessa

564 4137 813 4219 dispensatione
837 4140 890 4199 vel
913 4139 1041 4200 indulta
1064 4157 1158 4200 secu-

552 4233 761 4295 -larizatione
819 4278 1156 4297 .......
1185 4240 1241 4296 188

180 4361 234 4408 Per
244 4375 281 4419 se,
298 4361 462 4412 adveniente
473 4361 527 4419 die,
541 4363 580 4410 tas
601 4368 641 4411 est
653 4363 803 4418 discedere,
815 4371 866 4418 324.
878 4389 906 4396 —
917 4363 980 4409 Non
992 4362 1054 4428 licet
1066 4362 1155 4411 lacere

149 4437 215 4479 vota
226 4433 388 4492 temporalia
399 4446 463 4481 cum
474 4432 567 4482 animo
583 4433 750 4489 discedendi,
764 4440 814 4482 325.
831 4460 859 4468 —
872 4432 1046 4492 Dispensatio
1057 4447 1074 4482 a
1083 4433 1156 4482 votis
