3138 5014
318 428 377 490 236
706 452 773 486 rans
790 452 883 488 suxrn.
902 453 992 488 cnrur
1009 454 1018 488 1

357 585 451 650 Solet
467 605 569 670 porro
586 586 621 650 S.
639 587 795 650 Pontifex
811 588 910 681 hujus
933 587 1217 681 congregationis
1234 591 1282 654 uti
1301 611 1403 676 opera

120 759 259 827 §originem
315 668 1020 832 ἃ(1309Οὲἳῗθιὸάθαέξζῖιέἕὲἓξῗέῗὶῗῖἔῑᾘξί
1031 762 1130 816 Statu
1154 759 1400 834 Regularium.

102 819 260 936 }}2{¹,{⁵1{{‘p⁶2s
314 835 543 927 Jamupridem
569 835 611 897 ab
638 836 835 899 Innocentio
861 854 893 913 x,
922 836 956 897 a⁰
985 841 1075 915 1652,
1107 845 1222 899 erecta
1238 847 1312 902 erat
1338 841 1400 902 hoc

101 931 149 981 iar.
159 934 257 1001 notin.
315 937 449 982 nornine
462 918 691 999 Congregatio
703 919 894 1001 peculiaris,
908 938 1004 999 quae,
1020 926 1057 981 ut
1070 919 1226 1000 vidimuS,
1245 923 1287 984 ab
1301 923 1401 986 Inno-

63 1055 65 1063 ,
101 1003 217 1042 mmm·
315 1001 425 1063 centio
449 1018 496 1064 x11
519 1008 570 1064 est
593 1000 772 1064 exstincta.
1344 1073 1346 1080 y

356 1083 504 1147 Similem
520 1083 586 1147 fine
601 1091 634 1146 et
647 1102 784 1146 munere
798 1082 942 1146 instituit
955 1103 1079 1146 novam
1092 1085 1399 1167 Congregationem

313 1165 507 1246 Superstaln
533 1165 739 1248 Regnlnrimn
766 1167 844 1228 Pius
871 1183 906 1227 1x
931 1185 990 1246 per
1015 1168 1157 1248 Encycl.
1189 1169 1319 1230 litteras
1340 1169 1423 1232 Ubi'

306 1249 456 1329 primum,
481 1270 516 1329 17
525 1250 597 1331 jan.
624 1255 712 1330 1847,
730 1254 768 1309 ut
783 1248 975 1328 provideret
990 1268 1031 1310 ea
1047 1267 1144 1328 quae,
1162 1250 1195 1311 in
1211 1250 1397 1312 ordinando

312 1337 404 1394 statu
428 1330 574 1412 regulari
604 1330 742 1392 virorum
767 1329 959 1412 praesentia
985 1331 1145 1412 adjuncta
1173 1334 1394 1412 postularent.

310 1414 376 1476 Per
404 1414 491 1476 hanc
522 1411 826 1494 Congregationem
863 1412 933 1473 lata
963 1422 1042 1474 sunt
1078 1414 1226 1476 Decreta
1261 1413 1399 1476 Romani

310 1495 476 1576 Pontifices
501 1497 541 1557 de
568 1493 820 1557 testimonialibus
832 1492 953 1568 litteris,
973 1515 1012 1557 ac
1028 1495 1182 1577 Regaliani
1207 1495 1397 1578 disciplinae,

310 1595 348 1655 25
372 1578 444 1656 jan.
471 1583 560 1660 1848,
579 1577 618 1640 de
644 1575 831 1640 admissione
856 1576 898 1639 mi
924 1576 1065 1640 linbilrmi
1084 1583 1111 1638 el
1132 1577 1352 1660 professionem
1367 1579 1399 1639 in

310 1658 405 1722 ltalia
421 1665 449 1721 el
470 1658 580 1722 insulis
595 1658 827 1740 adjacentibns;
844 1670 877 1721 et
893 1659 1028 1737 missae,
1047 1667 1084 1724 18
1098 1670 1198 1723 mart.
1220 1667 1307 1741 1857,
1334 1661 1398 1723 litt.

311 1741 441 1824 encycl.
479 1742 644 1807 Neminem
680 1741 764 1811 latet,
804 1743 844 1805 de
874 1743 1063 1823 professione
1091 1742 1224 1826 simplici
1249 1743 1400 1825 socienda

309 1830 379 1886 ante
393 1823 579 1891 sollemnem.
596 1826 648 1888 De
663 1826 783 1906 quibus
806 1825 950 1888 decretis
967 1828 1082 1908 plures
1096 1832 1275 1908 praeterea
1298 1827 1399 1890 edidit

212 1943 220 1950 -
310 1908 427 1970 eadem
443 1907 942 1990 Congregatiodeclarationes,
1443 1969 1444 1974 ,

352 1990 415 2053 His
431 2009 507 2054 cunr
522 1993 639 2054 functa
662 1991 705 2053 sit
729 1990 858 2067 officim,
882 1991 939 2053 vix
967 1990 1065 2053 hodie
1094 1991 1165 2073 ejus
1192 1991 1230 2054 fit
1257 1991 1393 2067 mentio,

310 2072 510 2155 videturque
539 2073 644 2136 verbo
667 2079 765 2136 tenus
788 2074 962 2137 exsistere.
980 2075 1066 2136 Acta
1087 2076 1130 2136 ad
1160 2078 1196 2138 16
1222 2077 1398 2156 aug.1866
1562 2079 1563 2086 ’

310 2157 449 2238 vulgata
465 2162 543 2219 sunt
559 2157 591 2218 in
610 2155 834 2220 Colle-ctaneis
850 2157 1014 2219 Bizzarrl.

437 2356 517 2450 §3
547 2346 616 2424 De
641 2344 837 2453 Reliquis
867 2345 904 2425 C
905 2345 1277 2470 engregalionidns

113 2588 205 2636 55„
225 2601 256 2634 n·
352 2551 440 2615 393.
464 2552 500 2612 S.
525 2550 761 2628 Congregatio
782 2551 835 2610 De
867 2551 1101 2627 Propaganda
1133 2549 1232 2623 Fide,
1258 2554 1396 2628 propter

95 2603 229 2713 ircit'rlntsg¹
310 2634 501 2713 generalem
523 2633 595 2714 ejus
614 2632 894 2714 jurisdictionem,
920 2651 996 2711 qua,
1024 2631 1057 2694 in
1080 2630 1161 2692 locis
1185 2629 1393 2707 Missionum‚

96 2705 181 2812 ἐξῇρε-1
194 2702 254 2810 Ψ·
311 2715 456 2794 reliquas
472 2717 603 2798 supplet
621 2714 920 2796 Congregationes,
939 2715 1081 2795 imperat
1107 2713 1208 2775 etiam
1225 2712 1395 2775 Institutis

144 2770 160 2824 p
181 2779 254 2822 ensa,
310 2797 473 2878 religiosis
500 2817 585 2878 quae
611 2798 787 2860 missiones
810 2801 968 2860 exercent
983 2795 1036 2857 vel
1059 2795 1092 2858 in
1111 2795 1192 2858 locis
1213 2802 1395 2857 versantur

310 2901 395 2962 quae
417 2882 495 2943 huic
513 2882 548 2944 S.
567 2881 829 2962 Congregationi
846 2885 924 2942 sunt
947 2881 1139 2941 commissa.
1165 2879 1204 2940 In
1226 2880 1396 2940 nonnullis

310 2963 405 3026 exiis
417 2963 487 3044 jam
500 2964 658 3026 restituta
674 2973 725 3026 est
741 2964 912 3026 ordinaria
928 2962 1136 3025 hierarchia:
1155 2983 1188 3026 v.
1205 2981 1257 3042 gr.
1277 2962 1310 3024 in
1328 2962 1396 3023 An·

309 3045 388 3127 glia,
407 3046 532 3115 Scotia,
551 3047 744 3125 Hollandia‚
762 3045 869 3111 India.

101 3149 255 3196 Nominum
350 3129 457 3191 Immo
479 3149 568 3191 nova
590 3130 749 3194 Instituta
774 3129 930 3209 religiosa
954 3147 1040 3207 quae
1056 3127 1090 3190 in
1110 3127 1226 3191 iisdem
1242 3126 1396 3208 partibus

96 3207 155 3312 imp
166 3206 197 3309 ‘Ji
214 3211 253 3266 ap·
310 3212 501 3275 conduntur
517 3213 570 3275 vel
587 3232 672 3293 quae
689 3219 849 3292 tanquam
863 3210 1059 3294 primarium
1072 3210 1172 3272 finem
1188 3228 1394 3292 persequun-

91 3273 254 3370 ffitiiiiss‘m
310 3302 366 3357 tur
381 3295 568 3368 missiones,
586 3316 645 3377 per
661 3295 799 3358 eandem
823 3294 1058 3376 approbantur
1076 3291 1392 3374 Congregationem,

95 3395 155 3430 rum.
309 3378 363 3440 cui
379 3379 523 3460 speciale
540 3378 757 3460 conjunctum
773 3384 824 3438 est
841 3377 1018 3456 collegium
1034 3376 1076 3437 ad
1092 3373 1343 3455 cognoscendas
1361 3380 1394 3434 et

309 3461 524 3542 corrigendas
540 3461 682 3523 istorum
697 3459 934 3523 Institutorum
951 3457 1232 3520 Constitutiones

104 3587 251 3635 Mem.
350 3556 438 3620 394.
470 3558 506 3617 S.
537 3557 775 3632 Congregatio
799 3557 913 3632 Super
942 3555 1099 3630 negotiis
1136 3553 1395 3615 ecclesiasticis

91 3647 213 3713 gnsnper
308 3640 612 3712 extraordinariis,
642 3658 717 3699 cum
742 3657 803 3720 pro
820 3635 985 3699 Russiaca
1001 3635 1126 3698 ditione
1142 3642 1175 3696 et
1201 3635 1395 3716 regionibus

93 3709 193 3808 ζζῗὲζξῖῗ
212 3717 251 3752 α’
307 3720 485 3782 Americae
501 3721 627 3782 latinae
649 3720 740 3782 vices
764 3721 896 3801 expleat
915 3717 1058 3780 aliarum
1076 3717 1393 3798 congregationum,

182 3799 186 3809 '
308 3801 408 3864 simili
423 3802 492 3864 fere
508 3803 607 3865 modo
624 3822 689 3883 quo
712 3803 866 3884 superior
890 3801 1118 3881 Congregatio
1143 3802 1180 3862 fit
1199 3809 1394 3882 competens

307 3883 340 3945 in
360 3886 472 3946 causis
498 3886 716 3966 Regularium
742 3885 884 3947 istarum
911 3885 1070 3964 partium.
1100 3882 1171 3947 Cir.
1200 3884 1279 3944 Aeta
1298 3883 1392 3947 Cone.

305 3968 378 4030 Am.
404 3967 461 4030 lai.
486 3990 518 4031 n.
544 3991 615 4048 331.

98 4092 170 4138 Des.
184 4092 246 4138 con-
348 4064 436 4127 395.
454 4066 490 4127 S.
509 4066 746 4143 Congregatio
767 4064 1011 4125 cardinalium
1029 4064 1136 4124 Cone.
1161 4063 1259 4123 Trid.
1289 4067 1393 4122 inte-r·

89 4149 244 4210 gronium.
305 4156 460 4223 pratum,
478 4168 518 4210 ex
530 4148 607 4230 jure
629 4148 717 4228 quod
739 4146 842 4208 habet
866 4144 1110 4225 interpretandi
1134 4151 1236 4223 atque
1252 4142 1395 4224 urgendi

305 4228 532 4310 disciplinaria
561 4230 700 4293 Concilii
730 4228 918 4292 Tridentini
944 4229 1092 4304 decreta,
1121 4246 1265 4307 quorum
1298 4228 1394 4308 plura

305 4312 450 4374 attinent
467 4314 508 4374 ad
524 4315 722 4392 RegulareS,
740 4331 842 4394 saepe
864 4309 967 4372 etiam
985 4311 1343 4390 Regularium-causas
1360 4314 1394 4368 et

305 4393 406 4464 dubia
423 4395 578 4466 dirimere
594 4401 717 4484 potest.
737 4395 806 4457 Nec
822 4413 931 4475 pauca
952 4393 1054 4455 edidit
1077 4392 1177 4474 hujus
1201 4389 1393 4472 argumenti
