3134 5016
147 467 331 550 [547-550]
531 490 568 524 oa
583 489 897 530 2021121221111111222
1178 466 1237 529 315

146 634 218 696 1212,
242 624 293 680 sed
306 640 324 678 a
337 623 401 678 Rmo
419 621 567 694 Episcopo
580 620 620 679 N.
639 620 679 678 N.
700 621 843 678 canonice
856 629 952 678 erecta
961 621 1089 698 'ejusque
1103 621 1236 692 testimo

146 711 230 766 nium
248 709 329 765 hisce
344 706 548 782 adjungimus.
633 759 635 763 ,

181 793 221 850 Ε1
235 791 329 860 Deus,
344 799 400 848 etc.
423 811 436 841 »
1220 845 1229 855 .‚

181 876 229 933 Ne
242 885 343 931 tamen
359 883 569 930 coacervantur
584 872 799 946 Indulgentiae,
813 873 907 944 gratia
920 873 975 928 ista
990 871 1099 928 tollitur
1113 888 1148 926 eo
1168 871 1232 943 ipso

146 961 224 1035 quod
238 961 447 1034 aggregatione
467 958 512 1014 vel
526 958 585 1014 alia
599 957 785 1022 institutione
798 957 873 1021 aliae
894 955 1099 1029 Indulgentiae
1114 973 1235 1028 compa·

146 1051 258 1100 rentur.
1228 1068 1230 1072 ·

178 1153 361 1236 Quaedam
392 1157 568 1246 praeterea
605 1157 685 1212 sunt
715 1149 1021 1213 Confraternitates
1051 1169 1136 1231 quae
1163 1150 1234 1230 ipsa

146 1234 291 1297 canonica
307 1240 453 1296 erectione
469 1234 627 1296 fruuntur
640 1234 866 1314 indulgentiis.
880 1233 975 1311 quasi
985 1239 1098 1294 essent
1114 1250 1235 1312 aggre-

146 1325 257 1398 gatae.
289 1318 341 1379 Ita
378 1316 641 1379 confraternitas
675 1316 736 1379 sS.
769 1315 1103 1378 Sacramenti.Decr.
1137 1313 1234 1377 Anti.

146 1419 184 1479 23
200 1399 296 1482 april.
318 1405 406 1480 1876,
431 1419 464 1460 n.
493 1421 527 1478 13
543 1420 550 1477 ;
568 1421 607 1461 22
623 1399 720 1480 april.
739 1417 816 1479 1752
833 1419 866 1460 n.
887 1419 964 1478 1923
990 1419 1028 1460 22
1045 1417 1123 1478 aug.
1145 1404 1233 1480 1842,

146 1503 188 1543 n.
200 1488 259 1562 308
275 1482 318 1542 ad
336 1506 349 1545 1
368 1489 401 1544 et
414 1482 456 1543 ad
471 1505 503 1563 4.
718 1503 721 1508 ·

190 1591 277 1655 549.
291 1591 350 1652 III.
369 1593 422 1651 De
435 1593 514 1651 ioco
530 1578 587 1651 uel
601 1591 698 1651 sede.
716 1611 742 1651 1.
757 1589 875 1668 ltaque
887 1607 949 1648 sua
962 1586 1081 1666 cuique
1095 1586 1236 1650 Confra-

148 1672 298 1734 ternitati
320 1678 376 1734 est
400 1679 493 1734 certa
515 1672 624 1737 sedes.
647 1672 742 1733 Haec
767 1677 818 1732 est
834 1671 976 1732 ecclesia
991 1674 1045 1731 vel
1063 1669 1236 1732 definitum

148 1755 346 1832 oratorium,
364 1761 398 1816 et
420 1753 599 1831 nonnullis,
628 1773 662 1816 v.
679 1773 731 1834 gr.
749 1753 810 1815 SS.
829 1753 973 1830 Rosarii,
992 1752 1092 1814 etiam
1116 1755 1236 1815 altare.

189 1872 219 1912 2.
240 1849 343 1912 Sedes
360 1849 425 1912 ista
439 1848 564 1912 mutari
581 1847 696 1929 nequit
709 1847 771 1910 nisi
795 1868 835 1909 ex
857 1848 1063 1909 auctoritate
1079 1847 1237 1929 Episcopi

147 1935 201 1992 vel
213 1931 286 2014 ipso
299 1939 479 2010 annuente,
494 1933 614 1994 saltem
627 1951 702 1992 curn
716 1929 755 1992 de
771 1929 811 1992 ea
822 1931 935 2010 agitur
950 1929 1237 1991 Confraternitate

148 2033 233 2092 quae
249 2033 316 2075 non
332 2015 441 2094 potuit
456 2014 539 2094 erigi
556 2013 618 2076 nisi
635 2014 784 2092 ejusdem
803 2020 899 2073 nutu.
916 2013 983 2074 Pro
1000 2013 1237 2074 transferenda

148 2095 437 2160 Confraternitate
460 2097 522 2160 SS.
547 2096 692 2178 Rosarii,
727 2095 892 2158 indultum
926 2094 1149 2175 apostolicum
1183 2095 1237 2176 vel

147 2189 273 2242 novum
297 2178 441 2260 diploma
467 2180 621 2259 Magistri
648 2178 822 2241 Generalis
853 2176 934 2239 Ord.
959 2177 1238 2239 Praedicatorum

147 2261 375 2323 necessarium
398 2267 461 2323 est.
486 2262 680 2336 Praeterea,
705 2261 733 2322 si
749 2259 1020 2322 Confraternitas
1047 2267 1098 2320 est
1121 2278 1237 2341 presse

148 2343 248 2417 dicta,
280 2342 414 2405 videtur
436 2343 558 2422 requiri
582 2343 683 2406 etiam
712 2369 725 2398 «
755 2361 940 2404 consensus
967 2341 1103 2423 majoris
1128 2341 1246 2423 partis

148 2425 356 2487 confratrum
382 2426 600 2506 collegiaiiter
621 2426 805 2508 praestitus
822 2425 845 2488 ¹.
865 2451 879 2480 »

188 2518 352 2600 Legitime
369 2526 482 2582 autern
496 2517 587 2582 facta
603 2521 837 2600 translatione,
855 2525 1037 2581 servantur
1053 2538 1073 2579 a
1091 2517 1234 2587 Confra-

147 2604 305 2664 ternitate
333 2621 448 2664 omnes
475 2603 714 2684 indulgentiae,
742 2602 805 2670 nisi
833 2601 1010 2683 quaedam,
1039 2602 1127 2681 quotl
1155 2621 1233 2662 raro

147 2685 271 2763 evenit,
289 2684 431 2747 fuissent
446 2685 569 2748 intuitu
585 2686 649 2748 loci
666 2705 863 2748 concessae.
1231 2719 1234 2724 v

189 2792 277 2855 5150.
308 2795 361 2852 De
390 2794 699 2855 Confraternitatis
729 2794 911 2870 regimine.
957 2814 985 2854 1.
1018 2791 1066 2851 De
1098 2789 1237 2851 Recioris

147 2869 367 2950 designatione.
385 2875 416 2948 a)
434 2873 739 2935 Confraternitates
753 2894 838 2952 quae
855 2875 887 2936 in
903 2871 1089 2935 seenlnribns
1105 2870 1236 2934 ecclesiis

147 2952 381 3023 instituuntur,
396 2953 542 3014 Rectore
558 2963 701 3016 utuntur
717 2975 815 3035 quem
832 2956 1020 3037 Episcopus
1037 2955 1236 3035 designave-

148 3033 202 3094 rit.
234 3033 331 3115 Quod
360 3035 456 3114 plane
482 3043 627 3113 constat,
659 3036 715 3097 ubi
745 3037 871 3098 erectio
897 3039 939 3098 ab
965 3039 1037 3118 ipso
1067 3038 1240 3118 Episcopo·

87 3195 89 3200 Ι
148 3115 248 3176 fuerit
271 3123 421 3196 peracta,
440 3119 612 3197 magisque
628 3117 761 3180 videtur
788 3119 978 3192 verisimile,
1006 3121 1045 3196 si,
1063 3119 1237 3199 privilegio

148 3197 330 3278 pontificiO,
358 3200 378 3260 a
402 3199 582 3282 Superiore
605 3202 752 3281 regulari
775 3202 970 3264 sodalicium
986 3203 1029 3264 sit
1053 3201 1235 3265 conditum.

147 3280 323 3360 Beringer,
343 3301 375 3363 p.
394 3300 465 3360 515.

187 3376 367 3455 Designari
384 3378 473 3438 valet
482 3376 635 3456 parochus
651 3397 712 3458 pro
729 3385 890 3460 tempore.
905 3381 1010 3441 Imrno
1024 3381 1051 3442 si
1069 3381 1101 3441 in
1118 3397 1236 3461 paroe-

148 3459 199 3521 cia
212 3460 323 3521 nullus
340 3457 431 3528 alius
441 3470 669 3536 commoretur
685 3461 856 3538 sacerdos,
875 3463 979 3522 tacita
995 3462 1129 3524 videtur
1144 3463 1235 3524 facta

147 3541 287 3621 parochi
304 3541 503 3621 designatio
519 3541 612 3604 Deci.
626 3541 714 3604 1111111.
729 3543 832 3624 8ja11.
850 3549 938 3620 1861,
958 3565 991 3606 n.
1006 3550 1078 3623 389.

190 3647 229 3724 11)»
239 3648 582 3711 Confraternitatibus
598 3651 743 3730 quaein
757 3650 898 3732 propriis
915 3651 1076 3723 ecclesiis,
1091 3672 1112 3712 a
1124 3653 1236 3734 Regu·

68 3749 71 3758 ’
147 3729 273 3792 laribus
308 3738 483 3812 reguntur,
523 3731 640 3794 ducem
675 3733 827 3813 praeficit
864 3733 1029 3814 regularis
1059 3734 1233 3816 Superior,

147 3821 267 3893 utputa
284 3813 517 3877 Prouincialis.
532 3815 708 3894 Beringer,
728 3835 782 3896 op.
800 3836 830 3878 c.
846 3836 878 3897 p.
897 3834 969 3898 515.

189 3920 264 3995 eliu
274 3917 617 3983 Contraternitatibus
630 3941 717 4001 quae
729 3923 835 3989 instar
849 3919 979 4001 collegii
995 3921 1101 4000 magis
1117 3922 1236 3986 stricte

148 4007 226 4060 sunt
252 4003 466 4080 constitutae,
490 4004 622 4066 sodales
645 4004 723 4086 jure
746 4004 923 4085 potiuntur
957 4004 1138 4065 Rectorem
1175 4024 1233 4075 seu

150 4077 366 4158 Capelianum
382 4086 537 4165 eligendi.

189 4193 219 4233 2.
243 4172 678 4258 ReginnnConfraierniiniis
702 4187 753 4242 est
780 4167 888 4242 toturn
911 4199 1013 4262 penes
1042 4181 1236 4242 Rectorem.

177 4431 290 4479 ¹Decisi0
300 4430 374 4478 Rotae
383 4450 397 4489 4
407 4429 461 4479 feb.
475 4449 539 4492 1744,
552 4435 626 4494 apud
638 4436 776 4499 Beringer,
790 4451 835 4497 op.
849 4437 897 4487 cit.
911 4441 923 4495 5
940 4455 975 4486 11.

1320 1151 1443 1217 Canonica

1291 1213 1408 1258 1111112111,
1420 1219 1448 1254 ex

1288 1265 1423 1325 privilegiu.

1266 1573 1267 1576 Ἴ
1305 1591 1449 1649 311112212-

1293 1653 1380 1698 lorium
1400 1650 1433 1698 211

1292 1709 1380 1770 altare:

1321 1849 1389 1895 Sedis
1400 1862 1449 1895 mu·

1294 1908 1361 1954 tatio.

1301 2823 1304 2834 .
1320 2792 1427 2838 111112νί1

1293 2847 1432 2910 designatio.
1526 2867 1532 2878 ·

1320 4179 1453 4239 6211111111-

1294 4241 1380 4285 nitatis
1393 4240 1449 4296 regi·

1295 4311 1354 4342 nnn.
