3148 5004
141 469 322 549 [130-133]
557 490 594 524 na
609 487 766 524 vocariona
782 489 928 524 nacturosa
1189 453 1229 530 83

139 625 336 709 perficiatur
350 645 435 708 opus
451 626 547 708 cujus
560 625 666 707 injicit
681 625 903 700 voluntatem,
920 623 993 686 lieri
1005 624 1102 688 facile
1114 631 1228 710 potest

137 716 175 771 ut
194 710 272 791 jure
288 729 329 770 ac
346 708 467 772 merito
483 728 559 771 eum
576 707 740 789 repellant
755 714 916 786 tanquam
938 707 1047 770 minus
1064 707 1221 773 idoneum

138 811 238 872 quem
261 793 375 854 norint
397 791 519 874 spiritu
533 790 597 854 Dei
612 790 740 852 moveri
762 791 804 851 ad
827 792 1056 870 quaerendum
1082 791 1223 856 aditum.

140 874 210 937 Cfr.
226 873 366 950 SuareZ,
383 875 433 935 De
449 871 556 956 Ralig.
574 879 616 934 tr.
636 893 666 953 7,
681 875 702 935 l.
720 891 750 951 5,
769 892 799 934 c.
815 879 846 949 8,
864 893 898 935 n.
912 896 943 954 4.

184 959 270 1022 132.
298 979 325 1021 1.
343 953 490 1019 Peccant
506 955 561 1036 qui
583 955 679 1033 alios,
703 955 776 1017 sine
794 957 890 1037 justa·
905 974 1019 1033 causa,
1041 955 1225 1038 Religionis

140 1039 296 1119 ingressu
312 1039 502 1118 prohibent.

182 1122 227 1183 Et
239 1120 353 1202 gravis
363 1121 499 1203 injuriae
513 1127 591 1182 sunt
604 1121 663 1196 rei,
677 1120 704 1183 si
717 1121 749 1182 vi
769 1126 913 1182 utantur
928 1126 961 1182 et
977 1126 1057 1183 melu
1069 1123 1123 1184 vel
1139 1123 1222 1187 dola.

182 1203 269 1286 Quid
295 1204 323 1266 si
344 1205 445 1266 meris
465 1201 606 1284 precibus
628 1210 687 1265 aut
706 1201 963 1284 promissionibus
988 1223 1074 1283 quae
1097 1209 1223 1268 nullam

140 1287 274 1368 pariant
290 1288 519 1367 deceptionem
538 1285 571 1348 ΙΡ
785 1309 787 1312 ·

182 1369 345 1452 Quamvis
368 1370 513 1450 gratiam
530 1387 622 1429 mere
638 1367 837 1430 invitantem
853 1368 1002 1430 abnuere
1025 1389 1084 1450 per
1099 1390 1135 1433 se
1153 1391 1220 1435 non

139 1452 182 1514 sit
209 1462 397 1532 peccatum,
422 1461 598 1535 peccatum
622 1459 673 1511 est
698 1452 843 1512 alterum
869 1471 889 1511 a
917 1452 1026 1530 gratia
1054 1455 1225 1534 sequenda

138 1541 307 1597 avertere.
331 1537 424 1598 Deus
436 1535 536 1610 enim,
555 1534 634 1594 dum
656 1532 711 1594 libi
726 1533 891 1614 integram
907 1534 1028 1614 linquit
1041 1540 1222 1619 optionem,

139 1637 205 1678 non
236 1617 310 1679 ideo
331 1617 423 1680 altari
451 1623 653 1698 potestatem
676 1615 756 1677 facit
782 1636 817 1678 se
844 1617 1050 1679 admiscendi
1078 1620 1121 1681 ad
1145 1622 1225 1695 illu'd

140 1700 314 1762 consilium
326 1707 365 1761 ut
378 1713 491 1781 partes
504 1706 641 1762 tueatur
654 1699 856 1760 contrarias.
871 1700 945 1762 Non
959 1706 1094 1763 constat
1107 1708 1221 1767 tamen

139 1801 277 1861 gravem
309 1803 384 1846 esse
412 1782 514 1844 istum
545 1788 688 1846 reatum.
719 1779 788 1843 Cfr.
807 1781 946 1860 Suarez,
973 1783 1023 1843 Da
1047 1783 1221 1868 Religioaa,

138 1871 182 1925 tr.
215 1885 233 1945 7
262 1867 284 1928 l.
316 1884 346 1944 5,
379 1885 408 1926 c.
441 1888 471 1945 9,
503 1885 536 1927 n.
569 1885 598 1941 9.
627 1865 739 1946 Quare
770 1883 837 1925 non
867 1861 1046 1947 possumus
1077 1869 1223 1949 probare

138 1947 466 2026 argumentationem
483 1967 549 2026 qua
567 1946 603 2008 S.
628 1948 831 2026 Alphonsus,
847 1947 869 2008 l.
892 1971 912 2029 4
931 1950 975 2027 (5)
991 1970 1022 2010 n.
1041 1956 1092 2029 78,
1114 1954 1224 2014 minus

139 2037 277 2091 excusat
300 2051 377 2093 eum
394 2031 449 2110 qui
469 2032 614 2111 gratiam
630 2028 718 2090 hanc
736 2050 802 2109 non
815 2029 945 2110 recipit,
964 2051 1063 2111 quam
1080 2035 1225 2097 alterum

139 2112 194 2192 qui
211 2113 388 2175 consilium
405 2113 463 2174 dat
479 2111 648 2174 vocationi
666 2111 885 2173 contrarium.

180 2217 211 2257 a.
228 2196 432 2258 Parentibus
444 2196 500 2277 jus
524 2202 575 2256 est
591 2195 781 2275 postulandi
795 2194 1011 2258 rationabilem
1033 2198 1223 2262 vocationis

139 2277 386 2357 probationem.
410 2277 649 2353 Ratioaabilem,
675 2278 821 2357 inquam,
840 2276 860 2336 i.
879 2296 908 2339 e.
933 2296 1018 2358 quae
1040 2300 1102 2341 nec
1125 2281 1224 2345 nimis

140 2358 184 2419 sit
212 2358 381 2437 diuturna,
410 2379 470 2422 nec
497 2380 604 2422 vanas
631 2366 665 2420 et
691 2359 897 2440 periculosas
927 2361 1031 2426 seculi
1059 2362 1220 2426 obtrudat

140 2440 327 2506 illecebras.
345 2443 511 2519 Palmieri,
531 2444 613 2524 Opus
629 2441 719 2504 theol.
738 2449 777 2504 tr,
799 2465 829 2522 9,
847 2462 876 2504 c.
899 2464 924 2520 1,
942 2464 975 2506 n.
997 2450 1066 2524 198.

180 2524 336 2587 Praestat
353 2525 465 2603 etiam,
484 2527 546 2589 nisi
571 2527 755 2609 periculum
779 2528 822 2588 sit
845 2525 958 2608 injusti
982 2527 1220 2610 impedimenti,

137 2625 314 2688 assensum
341 2617 519 2690 parentum
549 2607 743 2690 impetrare,
771 2627 837 2688 quo
864 2627 940 2671 cum
966 2610 1013 2672 eis
1039 2612 1220 2695 participes

137 2689 224 2751 tanti
240 2690 350 2771 operis
367 2691 537 2753 meritum.

178 2769 230 2833 Ob
252 2773 402 2835 debiturn
426 2782 540 2836 autem
564 2773 701 2836 artioris
724 2773 888 2851 caritatiS,
914 2775 1081 2854 gravioris
1096 2795 1156 2858 per
1182 2797 1220 2840 se

138 2855 255 2934 culpae
278 2857 326 2917 rei
349 2864 429 2917 sunt
452 2863 610 2936 parentes
632 2859 686 2937 qui
711 2855 796 2917 filios
819 2855 1023 2920 interdicunt
1045 2859 1218 2937 sequenda

138 2938 317 2998 vocatione
333 2957 419 3017 quae
435 2941 478 3000 sit
495 2948 603 3017 certa,
621 2940 721 3002 immo
733 2939 804 3020 jam
817 2939 852 3001 S.
869 2940 1073 3021 Alphonsus,
1093 2943 1113 3002 l.
1130 2965 1150 3023 4
1166 2945 1223 3021 (5),

139 3039 172 3080 n.
191 3038 242 3098 77,
259 3019 430 3084 mortaliter
446 3041 588 3103 peccare
606 3023 736 3103 judicat
753 3023 877 3101 eosqui
894 3041 984 3084 mere
996 3029 1138 3086 utuntur
1151 3044 1225 3105 pre·

137 3099 234 3163 cibus
256 3110 315 3162 aut
340 3105 629 3186 promissionibus
654 3104 691 3166 Id
713 3111 828 3165 tamen
855 3103 963 3165 minus
984 3112 1130 3168 constat.
1159 3109 1225 3189 Qui

137 3186 226 3247 enim
242 3186 333 3248 mere
345 3187 453 3249 utitur
476 3188 669 3270 precatione
685 3189 755 3267 jam
772 3207 837 3246 non
854 3187 952 3265 longe
968 3188 1063 3249 abest
1077 3190 1156 3267 quin
1169 3190 1224 3251 det

136 3287 273 3341 manus3
298 3289 360 3332 nec
383 3289 462 3332 raro
487 3271 599 3350 aliqua
616 3269 711 3350 quasi
727 3267 991 3330 hallucinatione
1013 3277 1220 3332 excusantur

158 3357 306 3414 arentes.

134 3371 156 3433 p
181 3436 267 3499 133.
291 3434 384 3495 Inter
406 3433 555 3496 damnosa
579 3433 718 3496 consilia
744 3432 972 3514 reponendum
988 3441 1039 3493 est
1054 3433 1134 3504 illud
1151 3453 1215 3514 quo

1310 960 1381 1009 Alios
1391 965 1444 1012 siae

1275 1022 1343 1081 justa
1371 1035 1443 1069 carisa

1277 1079 1401 1138 prohibere

1280 1137 1349 1184 adira
1378 1137 1443 1185 Reri-

1278 1197 1360 1253 giom's
1410 1201 1443 1242 est

1276 1257 1393 1312 paccatum
1403 1267 1442 1300 cu·

1274 1312 1443 1370 jusvariusest

1281 1373 1368 1416 reatus.

1282 2201 1345 2262 Quid
1356 2201 1442 2260 dejure

1276 2261 1420 2320 parentum?

136 3516 292 3596 atquem,
312 3536 410 3596 quem
423 3518 515 3579 noris
531 3525 702 3594 vocatum,
720 3536 740 3578 a
754 3513 913 3594 religione
926 3524 1074 3578 avertas.
1093 3517 1167 3598 Qua
1183 3518 1216 3580 in
1279 3557 1293 3603 J,

136 3619 172 3661 re
189 3600 342 3661 obtinent
366 3601 503 3680 regulae
526 3602 702 3679 generales
725 3600 765 3660 de
791 3604 930 3681 peccato
958 3605 991 3659 et
1017 3598 1222 3679 obligatione

135 3683 345 3746 restituendi.
364 3682 511 3744 Gravior
526 3690 577 3745 est
600 3681 760 3762 obligatio
772 3679 923 3762 justitiae
940 3681 966 3743 si
983 3689 1123 3761 rogatus
1147 3703 1222 3746 sen·

134 3765 276 3828 tentiam
302 3765 436 3843 dixeriS,
464 3765 674 3846 praesertim,
702 3765 729 3826 si
752 3763 923 3844 praeferas
939 3763 1091 3845 peritiam
1109 3765 1142 3828 in
1157 3768 1223 3828 hac

135 3867 184 3918 re,
202 3868 234 3908 v.
253 3867 306 3928 gr.
323 3848 352 3909 si
367 3848 470 3910 fueris
485 3848 656 3925 sacerdos,
675 3845 912 3908 confessarius.

175 3931 221 3992 Et
244 3930 271 3992 is
295 3932 414 3993 saltem
438 3931 590 4012 graviter
605 3950 746 4011 peccare
762 3931 949 3991 censendus
973 3930 1095 4010 estqui
1112 3930 1222 4009 alicui,

134 4013 175 4074 de
199 4013 296 4094 cujus
319 4020 453 4075 constat
475 4015 664 4090 vocatione,
683 4016 753 4074 sine
777 4011 908 4073 ratione
932 4014 1139 4075 contrarium
1165 4014 1223 4075 dat

134 4096 312 4157 consilium
328 4097 417 4175 quod
432 4096 606 4177 praevidet
627 4095 699 4158 fore
722 4094 851 4156 efficax.
869 4095 938 4156 Nec
961 4102 1105 4171 tantum,
1124 4095 1151 4157 si
1166 4116 1223 4157 ac-

134 4179 275 4240 cesserit
287 4179 453 4241 detractio
467 4198 631 4261 personae
643 4181 696 4239 vel
709 4175 890 4257 religionis,
904 4176 994 4238 fama
1010 4178 1221 4240 restituenda

133 4265 197 4339 est,
215 4261 273 4322 sed
291 4287 304 4316 «
323 4262 474 4344 deceptio
491 4261 563 4344 ipsa
580 4261 727 4324 tollenda
743 4267 804 4338 est,
823 4265 856 4320 et
879 4259 1006 4320 veritas
1022 4260 1219 4340 aperienda,

163 4469 265 4516 lHaec
283 4473 373 4516 tamen
392 4466 472 4516 lacile
490 4466 669 4516 committitur
690 4481 752 4514 cum
773 4469 909 4514 causaest
928 4463 1151 4513 adolescentium.
1165 4465 1223 4514 Clr.

134 4525 274 4584 Palmieri,
288 4527 350 4586 Opus
362 4526 429 4574 theol.
443 4532 475 4574 tr.
489 4528 549 4585 91)e
558 4527 671 4582 statibus,
684 4539 708 4573 c.
723 4543 732 4570 1
746 4539 773 4572 n.
787 4541 839 4573 201.
