3138 5014
170 2182 277 2229 Litterae

140 2238 299 2288 dimissoriae.

169 2515 209 2562 Ar
224 2529 253 2574 qu
265 2529 299 2561 m-

139 2587 194 2618 nam
216 2575 278 2620 diri·

136 2630 226 2686 gandae
244 2636 300 2677 sunt

138 2687 277 2747 Episcopum
287 2689 299 2735 i

165 3583 228 3644 Quid
240 3583 267 3630 de

135 3644 281 3689 testimonia-

134 3698 214 3746 libus?

360 456 420 531 900
631 477 632 482 ’
653 475 655 480 ’
740 470 808 526 runs
823 489 943 526 suerrus
954 489 1045 527 cneus
1060 471 1088 526 ri·

364 636 368 641 ·
396 649 410 678 i
430 621 464 686 S.
484 616 728 686 Paeniteuiiorio
750 627 788 684 ad
810 626 974 700 praemissa
995 625 1171 700 respondet:
1195 627 1324 684 Ratione
1346 623 1450 683 habita

361 732 375 761 e
395 710 500 784 prioris
512 711 625 781 statuti,
640 708 756 768 Titium
770 709 868 766 valide
886 709 1069 767 absolvisse:
1090 707 1188 783 quoad
1203 709 1450 782 interrogationes

360 814 373 842 ‹
393 810 463 849 vero
476 791 635 863 iaciendas
651 792 707 852 nisi
722 793 852 866 prudens
871 793 1000 866 suspicio
1013 793 1183 850 suboriatur
1195 792 1276 866 quod
1293 793 1448 866 paenitens

358 877 493 934 «illicite
513 877 593 951 apud
615 876 715 951 ipsum
742 875 929 947 confiteatur,
957 893 1043 949 posse
1066 875 1291 934 confessarium
1310 893 1327 934 a
1346 893 1449 948 supra-

358 983 372 1010 «
392 959 478 1017 dictis
501 960 785 1034 interrogationibus
811 959 970 1018 abstinere.
998 959 1112 1018 Datum
1139 959 1265 1031 Rornae,
1298 959 1329 1017 in
1357 959 1447 1018 Sacra

358 1067 371 1098 e
392 1041 634 1116 Poenitentiaria,
652 1045 700 1103 die
712 1057 744 1121 7²
759 1041 898 1102 februarii
915 1059 994 1118 1901.
1013 1063 1026 1094 ³

932 1163 967 1222 B.
990 1163 1125 1222 Pourrur
1143 1164 1174 1223 S.
1196 1165 1230 1224 P.
1251 1164 1411 1223 Dnrsmus

972 1247 1010 1306 A.
1031 1249 1130 1341 Caum
1148 1247 1180 1306 S.
1201 1247 1235 1306 P.
1255 1248 1350 1306 Suae.

762 1585 958 1668 CAPUT
986 1585 1045 1666 IV

608 1791 661 1856 uu
685 1790 961 1858 sncunusuro
986 1790 1152 1856 oumms
1176 1787 1186 1828 1

559 1973 586 2038 1.
611 1978 650 2037 In
674 1976 934 2070 Religioniibus
956 1992 1080 2054 presse
1103 1975 1237 2037 talibus

394 2157 484 2221 480.
522 2157 696 2218 Notiones
729 2157 902 2219 Ordinum
936 2175 1154 2219 communes.
1193 2175 1221 2219 1.
1256 2155 1443 2237 Regulares

354 2238 530 2300 ordinandi
547 2239 679 2301 litteras
702 2237 896 2300 dimissorias
912 2238 1036 2321 proprii
1059 2237 1251 2318 Superioris
1274 2238 1442 2318 regulsris

354 2319 474 2384 afferre
500 2321 633 2399 debent,
661 2321 783 2402 quibus
810 2321 907 2384 simul
923 2321 951 2383 is
967 2329 1113 2383 testatur
1136 2319 1441 2383 nihilordinationi

353 2402 485 2464 obesse.
1356 2401 1362 2406 ’

395 2483 497 2546 Salvo
514 2485 649 2565 speciali
673 2485 858 2566 privilegi0,
877 2486 1083 2549 dimissoriae
1101 2486 1186 2548 istae
1202 2484 1298 2560 dirigi
1314 2484 1439 2547 debent

353 2565 394 2627 ad
421 2565 625 2646 Episcopum
648 2565 711 2628 loci
738 2568 935 2631 Monastemi
961 2569 1227 2631 ordinandorum
1244 2568 1256 2598 ²
1272 2568 1339 2646 (vel
1356 2567 1439 2629 vici-

352 2647 480 2709 niorem
508 2649 535 2710 si
558 2649 590 2709 in
614 2648 787 2710 territorio
810 2650 874 2711 sint
897 2649 1028 2714 Nullius
1053 2649 1229 2727 dioecesis³,
1254 2648 1316 2710 nisi
1340 2649 1439 2710 sedes

352 2729 526 2791 vacaverit
549 2731 603 2792 vel
625 2729 814 2812 Episcopus
845 2751 910 2794 non
942 2734 985 2796 sit
1009 2734 1198 2810 habiturus
1228 2729 1436 2812 temporibus

351 2811 500 2888 statutis,
532 2814 706 2890 generales
722 2814 963 2877 ordinationes.
987 2818 1134 2880 Possunt
1158 2827 1236 2877 tunc
1258 2814 1300 2875 ai
1322 2831 1437 2894 quem-

300 2953 301 2958 ,
351 2895 432 2955 libet
458 2894 577 2958 dimitti
599 2895 804 2978 Ep‘scopum
828 2898 1032 2962 catholicum
1055 2899 1204 2980 ejusdem
1224 2896 1321 2974 ritus,
1339 2895 1439 2958 modo

361 2975 509 3039 habeant
522 2978 752 3041 authenticam
768 2979 865 3042 fidem
882 2981 1021 3044 ⁴curiae
1037 2981 1256 3043 dioecesanae
1279 2979 1319 3041 de
1342 2975 1439 3042 Sedis

350 3061 528 3123 vacatione
544 3063 598 3123 vel
613 3062 653 3124 de
669 3081 736 3124 non
752 3063 914 3124 habendis
930 3064 1209 3126 ordinationibus,
1226 3063 1329 3125 Decr.
1339 3060 1439 3144 jussu

351 3142 457 3206 Cleru.
470 3161 532 3206 vm
544 3145 683 3223 editum,
699 3163 732 3224 ¹5
743 3154 841 3208 mart.
854 3151 948 3226 15963
962 3146 1165 3209 Benedictus
1177 3161 1236 3207 xiv
1250 3143 1289 3208 C.
1299 3143 1442 3226 Impositi

350 3226 459 3290 Nou-s.
490 3263 528 3273 -
556 3227 588 3289 Is
616 3231 728 3290 tamen
757 3229 799 3290 ad
826 3247 924 3308 quem
953 3235 1096 3312 spectat,
1123 3228 1180 3310 jus
1211 3247 1310 3290 suum
1339 3227 1437 3291 alteri

349 3309 518 3391 Episcopo
535 3310 691 3390 delegare
708 3329 774 3371 non
790 3319 939 3373 vetatur.

390 3391 706 3460 Incommunicabile
723 3400 774 3454 est
789 3392 999 3475 privilegium
1016 3393 1225 3456 notissimum
1242 3411 1310 3472 quo
1322 3391 1355 3456 in
1371 3392 1436 3455 hac

350 3493 385 3536 re
402 3474 525 3544 fruitur
541 3473 694 3536 Societas
710 3475 803 3557 Jesu.

390 3578 420 3618 2.
438 3557 532 3638 Aliae
543 3557 679 3640 litterae
695 3557 909 3621 testimonio'os
925 3579 992 3622 non
1008 3559 1166 3622 videntur
1180 3558 1213 3621 in
1227 3555 1309 3640 ipsis
1325 3556 1436 3638 requi·

347 3715 667 3732 —n-A--a-——a—
675 3713 677 3718 ¹

377 3808 447 3925 liDe
466 3808 518 3870 hoc
531 3805 707 3883 argumento,
729 3823 779 3873 cir.
800 3822 940 3883 Gasparri,
956 3824 1220 3872 Yractotuscononicos
1238 3823 1356 3872 Drsnoro
1368 3819 1437 3869 ordi-

345 3893 632 3998 n‘tfflidebuovidelieet
643 3939 734 3987 sedem
751 3937 871 3987 habeant
887 3945 913 3987 et
923 3952 953 3987 re
964 3953 1029 3988 vera
1036 3939 1093 3999 jam
1109 3937 1244 3988 habitent.
1257 3939 1320 3988 Non
1332 3935 1405 4001 enim
1417 3950 1435 3984 a

346 3995 521 4062 §upepiorum
530 3997 652 4056 jussione
661 4000 702 4044 vel
715 3998 826 4056 propria
835 3996 971 4063 incolendi
984 4008 1082 4054 mente,
1095 3998 1182 4046 seder
1192 4010 1247 4058 quo
1259 4003 1435 4061 pervenerint

344 4065 372 4101 in
392 4054 511 4118 aliquem
531 4057 620 4102 locum
641 4054 700 4113 ejus
718 4061 831 4122 possunt
849 4054 906 4102 fieri
924 4057 1039 4104 incolae.
1060 4055 1220 4115 Superiores
1242 4068 1308 4103 vero
1330 4067 1378 4114 qur
1401 4066 1436 4100 ex

303 4127 320 4136 ’·
345 4111 478 4160 industria
496 4111 637 4160 subditum
654 4113 940 4161 domiciliomoveant
958 4126 1084 4174 eumque,
1105 4114 1179 4162 iacta
1194 4112 1378 4165 ordinatione.
1397 4109 1435 4157 ob

344 4169 438 4218 salsam
450 4184 561 4218 causam
573 4171 657 4229 priori
670 4171 726 4218 sedi
738 4169 884 4218 restituant
893 4170 1011 4230 graviter
1021 4180 1173 4230 carpuntur
1187 4184 1204 4219 a
1216 4170 1434 4220 Benedictox1V.

293 4225 294 4232 ’
344 4229 374 4275 c:
392 4229 502 4288 Impositi·
516 4228 603 4276 Nobis.
624 4229 687 4277 Non
703 4227 831 4276 videntur
851 4234 942 4276 tamen
961 4228 1023 4277 ideo
1039 4229 1174 4278 committi
1200 4241 1306 4290 poenae
1327 4226 1433 4276 decreti

342 4287 490 4334 Clementis
501 4299 558 4334 vm.
572 4285 628 4335 Cir.
643 4287 715 4345 Fiat,
728 4299 805 4346 11‚p.
818 4299 873 4345 290·

369 4345 380 4381 ³
399 4347 425 4394 S.
439 4346 469 4393 C.
484 4346 515 4392 C.
529 4362 556 4402 ²4
567 4358 628 4404 aug.
642 4352 705 4402 1619.

369 4402 472 4450 ⁴Fidcs
490 4401 541 4450 ista
557 4401 707 4462 requiritur
724 4415 780 4449 non
798 4399 927 4450 obstante
950 4401 1088 4452 contraria
1110 4402 1319 4452 consuetudine.
1346 4401 1373 4451 S.
1397 4401 1430 4450 C.

341 4461 535 4520 Conc.18aug,
549 4467 613 4508 1888.
624 4461 657 4508 A.
670 4461 699 4507 S.
711 4460 740 4507 S.
751 4472 804 4517 xxr,
819 4467 870 4518 364.
