3142 5004
353 401 414 464 934
756 424 823 460 runs
838 424 933 461 sexrn.
950 425 1039 461 cucur
1055 427 1087 461 1.

321 577 322 582 ¹
353 559 446 621 Statu
459 556 688 640 Regutaniuen;
710 558 795 622 aliae
811 579 894 622 vero
917 560 1144 641 Regularibus
1167 582 1236 626 non
1260 563 1450 648 imperant,

353 641 415 705 nisi
436 641 587 704 formalis
610 661 726 705 earum
751 643 977 725 competentia
1001 645 1136 708 eosdem
1161 646 1256 727 quasi
1278 666 1339 728 per
1355 652 1452 714 acci·
1550 705 1551 734 ,

354 725 436 787 dens
452 723 616 806 attigerit.
1550 739 1551 796 l

168 827 266 875 Natura
396 809 553 874 Potestas
576 827 678 890 porro
701 813 753 869 est
772 808 1028 889 jurisdictionis.
1047 811 1172 873 Parere
1190 818 1302 875 autem
1320 813 1450 878 debent
1550 885 1551 894 ,

136 887 268 944 ponsnus.
354 890 501 1036 (rleligipsi
517 890 549 954 ni
563 890 626 954 coti
637 889 834 972 obedientiae,
849 891 881 954 in
894 891 934 954 iis
947 911 1032 973 quae
1045 900 1201 976 spectant
1214 894 1256 958 ad
1268 896 1449 978 regularem

334 1009 338 1015 -
377 991 458 1060 iscrp
472 993 575 1040 mam.

395 1161 411 1252 t
443 1176 475 1234 1.
505 1152 575 1233 De
602 1152 639 1232 C
639 1151 937 1260 cugeegaticne
963 1154 1106 1262 Super
1131 1156 1333 1264 Negotiis
1359 1164 1402 1238 et

356 1279 394 1360 C
394 1277 742 1362 ansultate'cnidus
759 1278 1072 1387 Epesccpcuuru
1095 1288 1138 1363 et
1150 1283 1437 1391 Regulariurn

151 1478 295 1548 recenseat-
393 1479 482 1544 390.
502 1499 529 1542 1.
548 1475 683 1541 Genesis.
699 1476 925 1558 Congregatio
938 1479 1014 1557 ista,
1032 1481 1128 1562 cujus
1144 1479 1328 1563 primordia
1344 1502 1438 1566 repe·

134 1542 282 1652 {{{{‘J'¹⁰'²²⁸
351 1560 452 1622 tenda
463 1566 542 1622 sunt
554 1580 574 1621 a
587 1560 622 1623 S.
637 1560 696 1622 Pio
708 1577 729 1620 v
742 1566 774 1622 et
788 1561 953 1642 Gregorio
965 1579 1037 1641 xm,
1053 1570 1212 1627 concreta
1225 1570 1288 1644 est,
1300 1578 1335 1627 a⁰
1347 1571 1437 1645 1601,

208 1630 214 1648 '
351 1662 392 1705 ex
407 1642 536 1705 duabus
560 1640 886 1724 congregationibus
910 1664 1005 1724 quas,
1030 1647 1172 1710 alteram
1196 1649 1261 1710 Pro
1284 1648 1438 1711 mnsntta-
1463 1695 1465 1699 -
1550 1701 1551 1724 ,

351 1723 482 1788 tionibus
503 1723 721 1807 Regretariune,
745 1728 889 1789 alteram
915 1730 981 1790 Pro
1007 1727 1281 1792 consultationibus
1308 1731 1438 1811 Episcc·
1550 1731 1551 1762 ³

343 1811 457 1890 parurn
491 1813 520 1870 et
554 1806 689 1871 alioruin
724 1808 954 1888 Praetatarum,
987 1810 1236 1876 Constitutione
1268 1814 1435 1894 Icnntensa,

350 1912 388 1971 23
405 1897 506 1955 mart.
526 1896 615 1971 1588,
634 1891 779 1954 instituit
795 1891 910 1955 Sixtus
925 1909 959 1956 v.

139 1997 294 2054 constatura,
391 1996 421 2038 2.
448 1973 633 2056 Descripta.
661 1973 925 2056 Congregationi
961 1983 1096 2058 praeest
1124 1976 1305 2041 Cardinalis
1335 1980 1435 2040 Prae·

342 2055 468 2140 sectus:
491 2057 533 2119 ad
556 2057 696 2120 eandem
723 2059 892 2138 pertinent
917 2078 984 2121 non
1013 2060 1111 2140 pauci
1137 2060 1344 2140 Cardinales.
1368 2061 1431 2121 His
1550 2069 1551 2134 ζ

350 2139 471 2203 adsunt
486 2138 652 2224 Praetatus
667 2140 855 2203 secretarius
877 2161 952 2203 cum
969 2142 1152 2221 SubstitutO,
1170 2151 1269 2224 atque
1285 2140 1430 2206 Areditor.
1550 2161 1551 2164 ’

348 2223 531 2286 Praeterea
543 2223 1432 2308 propriisinstructaestCongregatioconsultoribus.
1550 2249 1551 2302 j

390 2307 428 2368 In
452 2311 522 2368 tres
545 2325 648 2386 porro
672 2306 831 2369 dividitur
848 2307 1026 2388 sectiones,
1044 2307 1433 2392 Episcopcrunt,Reguta·
1550 2309 1551 2324 ²

348 2387 443 2466 ricem,
460 2387 648 2450 Meniatiuue
664 2389 842 2470 deputatas
859 2390 1015 2470 negotiis.
1060 2419 1062 2424 ¹
1550 2395 1551 2402 ’

136 2485 276 2541 concentus,
390 2492 420 2549 3.
438 2469 600 2548 Sessiones‚
618 2469 727 2533 enudus
752 2471 875 2554 agendi.
892 2473 944 2536 Ad
967 2473 1097 2536 minora
1111 2474 1316 2555 expedienda
1332 2493 1433 2555 nego·
1550 2513 1551 2550 ,

349 2553 407 2630 tia,
436 2554 641 2615 conveniunt
670 2553 872 2637 (Congressc)
904 2555 1043 2636 singulis
1072 2556 1302 2634 hebdomadis,
1328 2556 1431 2619 Card.

348 2634 555 2712 Praefectus,
574 2636 785 2699 Secretarius
808 2639 945 2720 ejusque
962 2637 1171 2701 Substitutus
1188 2645 1222 2698 et
1237 2638 1392 2700 Auditor.
1550 2639 1551 2656 ³

390 2717 596 2800 Congregatio
615 2718 769 2800 generatis
790 2725 842 2782 ter
857 2722 910 2783 vel
926 2726 1045 2802 quater
1064 2719 1196 2800 cogitur
1212 2737 1271 2801 per
1287 2738 1426 2796 annum,

348 2806 578 2882 praeteream
605 2820 690 2881 quae
717 2803 750 2865 in
776 2803 914 2866 aedibus
938 2801 1113 2866 Vaticanis
1137 2808 1216 2863 ante
1242 2799 1429 2882 quadrage·

348 2883 498 2946 simalem
516 2884 710 2947 concionem
727 2885 843 2948 haberi
859 2887 1047 2949 consuevit.

389 2966 426 3028 In
443 2966 554 3030 causis
570 2986 636 3030 non
649 2967 877 3031 criminalibus
890 2969 1085 3051 designatur
1101 2967 1221 3048 aliquis
1241 2964 1430 3030 Cardinalis

347 3049 468 3112 Peneus
484 3069 543 3112 seu
560 3050 615 3131 qui
631 3051 671 3113 de
688 3071 791 3116 causa
807 3051 943 3114 referat.
1550 3051 1551 3122 J

388 3133 509 3214 Atque,
527 3133 674 3217 exceptis
696 3134 806 3196 causis
829 3133 1048 3196 contentiosis
1065 3139 1097 3196 et
1114 3131 1354 3210 criminalibus
1373 3153 1429 3194 ne·
1550 3133 1551 3210 i

346 3216 438 3295 gotia
462 3216 599 3279 definire
622 3217 707 3278 solet
732 3218 816 3279 haec
840 3217 1065 3296 Congregatio
1088 3215 1139 3278 via
1154 3215 1325 3278 sternuaria
1341 3221 1429 3294 atque
1550 3223 1551 3294 ᾗ

225 3361 228 3367 ,
346 3296 591 3380 enteajndiciati.
604 3299 656 3361 De
668 3318 772 3362 eausa
784 3301 970 3380 cognoscit,
995 3299 1206 3378 interrogato
1223 3317 1282 3379 per
1297 3297 1426 3359 litteras

345 3379 473 3443 formae
496 3381 648 3462 privatae
667 3379 846 3444 Ordinario
870 3383 933 3444 loci
951 3383 1004 3443 vel
1018 3381 1175 3444 Praelata
1199 3380 1357 3460 regulari,
1382 3387 1426 3457 et,

345 3468 523 3544 postquam
539 3463 759 3526 sufficientem
775 3464 837 3527 sibi
854 3465 976 3548 adepta
1003 3469 1054 3524 est
1080 3463 1247 3540 notitiam,
1271 3463 1429 3525 Praelato
1550 3469 1551 3530 t

344 3546 398 3608 vel
415 3546 446 3608 ei
461 3546 556 3628 cujus
571 3545 712 3608 interest
729 3546 808 3609 illud
824 3549 911 3628 quod
927 3544 1091 3628 placuerit
1103 3545 1281 3625 significat.
1550 3571 1551 3604 t

147 3643 290 3711 ¹Ususgnz-
355 3687 358 3690 .
385 3630 526 3691 Potestas
548 3647 631 3691 vero
651 3629 791 3711 gratiosa
815 3636 1003 3708 exercetur,
1030 3647 1091 3710 pro
1115 3629 1162 3691 rei
1185 3631 1366 3704 moment0,
1386 3627 1428 3688 ab
1548 3629 1551 3681 t

130 3705 289 3805 {quecun-
344 3730 411 3772 uno
433 3710 620 3790 Praefect0,
651 3713 705 3774 vel
727 3732 747 3773 a
778 3738 791 3766 «
822 3712 1013 3793 Congresso
1042 3738 1055 3767 ›>
1089 3711 1150 3772 nisi
1181 3707 1355 3772 adeundus
1386 3712 1428 3772 sit
1550 3789 1551 3792 Ἴ

139 3774 155 3806 a
167 3773 196 3856 'i'
343 3792 413 3874 ipse
430 3793 466 3856 S.
482 3793 702 3870 Pontifex.In
719 3795 809 3857 hunc
832 3795 931 3858 finem
951 3792 1214 3856 hebdomadaria
1231 3790 1427 3854 conceditur
1550 3795 1551 3804 ’

343 3876 536 3952 Secretario
552 3876 733 3939 audientia.

383 3959 530 4020 Decreta
555 3966 592 4021 ut
618 3958 685 4022 sint
714 3960 911 4023 authentica
937 3959 1055 4040 hisque
1089 3957 1133 4020 sit
1169 3961 1266 4019 extra
1300 3957 1427 4020 curiam

341 4040 568 4121 deferendum,
586 4041 827 4105 subscribenda
846 4049 925 4104 sunt
951 4049 1022 4104 tum
1050 4062 1069 4103 a
1092 4039 1285 4104 Secretario
1308 4047 1380 4102 tum
1407 4060 1427 4101 a

340 4123 527 4203 Praefecto,
542 4126 708 4207 hujusque
724 4124 903 4188 munienda
914 4127 1034 4206 sigillo.
1050 4124 1119 4186 Clr.
1132 4123 1169 4185 C.
1180 4122 1231 4184 De
1245 4123 1352 4200 Luca,
1363 4124 1384 4185 1.
1396 4141 1425 4184 c.

65 4243 90 4265 ,-
113 4214 266 4265 -Peovtnua
379 4230 410 4289 4.
429 4207 648 4290 Competentia.
677 4209 728 4271 Ad
754 4228 828 4270 eam
854 4214 1019 4290 spectant,
1038 4214 1173 4288 praeter
1189 4206 1349 4266 molestas
1373 4223 1426 4266 res

339 4308 435 4369 quae,
454 4292 487 4352 in
514 4292 665 4372 regunda
687 4289 831 4354 dioecesi
854 4298 1085 4366 occurrentes,
1108 4289 1210 4350 etiam
1234 4287 1425 4349 referuntur

338 4371 380 4432 ad
406 4372 442 4434 S.
468 4373 595 4454 Congr.
618 4373 771 4451 Concilii,
797 4373 1050 4435 controversiae
1076 4373 1165 4435 inter
1188 4371 1373 4453 Episcopos
1390 4374 1425 4430 et
