3142 5004
330 511 391 577 910
539 531 542 606 ;
698 531 903 582 nansoumm:
915 531 1010 570 carun
1024 531 1033 568 1

330 669 456 738 habent
470 670 655 764 clausulam
673 669 913 764 'prohibitivum
933 665 1266 763 communicationis.
1291 665 1327 730 Si
1341 686 1425 750 pos·

329 760 385 817 tea
399 760 512 817 tamen
528 752 584 816 alit
599 751 717 818 Ordini
728 753 846 817 eadem
861 751 986 816 fuerint
1001 771 1074 816 sine
1096 751 1153 816 illa
1165 750 1321 816 ,clausula
1338 769 1417 813 con-

331 855 438 911 cessa,
455 836 754 900 communicationi
771 837 853 901 nihil
863 835 936 919 jam
951 834 1060 899 obest.

371 944 405 1024 b)
417 943 650 1019 Exorbitantia,
665 963 751 1024 quae
763 963 843 1007 raro
856 941 1099 1019 conceduntur,
1109 941 1289 1026 specialem
1303 947 1423 1006 notam-

331 1034 514 1091 merentur.
538 1028 631 1090 Inter
647 1029 746 1100 haec,
762 1024 934 1090 concessio
949 1025 1149 1102 officiorum,
1166 1023 1416 1089 additio-nomi·

330 1109 452 1174 nis'SS.
462 1109 666 1172 Fundatoris
679 1111 711 1172 in
725 1109 867 1173 Litaniis
880 1117 913 1171 et
925 1107 1110 1185 Confiteor,
1121 1108 1288 1190 repositae
1302 1113 1381 1170 sunt
1397 1128 1418 1170 a

331 1193 367 1257 S.
381 1194 422 1256 R.
441 1192 623 1274 Congreg.‚
640 1215 680 1256 ao
696 1201 783 1256 mart
801 1197 880 1273 1706
895 1190 937 1254 ad
953 1204 1021 1270 3³⁸¹.
1038 1191 1114 1252 Hoc
1132 1191 1206 1254 loco
1219 1197 1298 1254 sunt
1314 1190 1417 1253 etiam

331 1283 495 1358 quotquot
511 1274 687 1359 privilegia
702 1275 946 1359 praejudicium
959 1273 1105 1337 afferunt
1118 1273 1321 1356 specialibus
1333 1273 1418 1356 juri·

331 1358 393 1421 bus
418 1357 589 1504 Episcqpi.
612 1359 789 1422 Monacelli
807 1355 1055 1428 Formularium,
1084 1367 1152 1420 art.
1182 1377 1231 1436 13,
1259 1355 1357 1419 form.
1385 1379 1417 1439 4.

331 1461 365 1504 n.
383 1462 421 1521 33
437 1459 510 1522 sqq.
558 1440 795 1518 .d’Annibale,
813 1437 1033 1518 Summula,1,
1052 1458 1085 1504 n.
1105 1457 1175 1520 105,
1193 1443 1275 1502 nota
1291 1459 1346 1517 213

373 1549 405 1628 c)
432 1548 583 1632 Quorum
601 1546 860 1611 communicatio
885 1546 1021 1610 cederet
1036 1544 1069 1608 in
1084 1545 1300 1610 detrimentum
1318 1544 1418 1608 obser-

330 1630 453 1784 qontiae
471 1629 648 1776 qegnlqris:
671 1638 707 1692 ut
728 1630 825 1713 plura
851 1628 1026 1712 privilegia
1043 1627 1207 1692 Ordinuni
1220 1628 1418 1708 militarium

347 1734 371 1779 e
388 1732 472 1796 pecu
487 1732 531 1792 10,
548 1733 564 1774 e
584 1732 614 1776 c.
632 1733 640 1790 ;

222 1836 225 1842 ·
341 1859 347 1868 .
373 1807 406 1887 d)
422 1797 572 1892 Quae'ob
583 1807 731 1870 motivum
743 1806 881 1871 omnino
893 1805 1022 1890 speciale
1034 1805 1197 1870 concessa
1212 1812 1304 1886 sunt,
1317 1826 1353 1872 v.
1366 1825 1416 1889 gr.

332 1890 443 1954 alicui·
454 1893 532 1967 loco
550 1891 593 1954 ob
609 1910 799 1975 possessam
822 1889 1000 1974 imaginem
1018 1891 1058 1952 B.
1074 1890 1122 1974 M.
1139 1889 1181 1954 V.
1199 1890 1314 1974 Quare
1330 1909 1420 1954 com·

333 1975 483 2050 munitet¹
500 1975 622 2039 docent
645 1992 712 2038 non
734 1971 975 2056 communicari
997 1971 1245 2059 Indulgentiam
1262 1973 1421 2056 Portiunf

248 2099 250 2106 ·
332 2059 444 2121 culae.
536 2094 549 2125 =.w
611 2097 614 2102 ·

373 2157 404 2233 e)
420 2151 600 2235 Privilegia
619 2149 764 2236 poenalia
779 2155 808 2212 et
822 2149 941 2230 odiosa,
961 2171 1002 2214 ne
1017 2137 1130 2234 gratia
1146 2133 1368 2216 convertatur
1384 2150 1417 2214 in

332 2256 418 2300 Onus
428 2257 436 2314 ζ
1136 2299 1140 2306 .

374 2331 398 2411 i)
415 2333 509 2414 Quae
521 2331 554 2393 in
570 2333 685 2412 tempus
699 2335 831 2394 tantum
846 2330 1094 2418 concedunt-ur:
1113 2349 1179 2393 non
1193 2336 1272 2394 sunt
1285 2328 1424 2413 proprie,

220 2463 222 2468 .
249 2463 252 2468 .
333 2414 421 2477 dicta
438 2401 624 2495 privilegia.
1136 2487 1139 2492 Ι

280 2523 282 2528 ’
374 2510 408 2588 g)
438 2505 619 2584 Privilegia
642 2506 830 2584 personalia,
861 2526 921 2569 seu
951 2506 1122 2588 Religssioso
1151 2524 1312 2570 concessa
1348 2523 1422 2571 non.

333 2597 499 2669 quatenus
512 2589 544 2650 in
560 2585 685 2650 Ordine
701 2598 831 2652 certum
854 2589 963 2652 locum
980 2592 1034 2654 vel
1056 2589 1199 2672 gradum
1220 2588 1333 2667 habet,
1355 2586 1417 2650 sed

333 2681 370 2735 ut
385 2687 550 2754 personae
566 2669 775 2752 particulari.
1143 2715 1145 2720 -
1209 2717 1210 2722 η
1242 2723 1244 2728 ,
1277 2713 1284 2720 -

279 2779 281 2784 ’
342 2839 344 2846 ,
375 2777 464 2843 355.
493 2775 763 2855 Communicatio
791 2777 845 2841 fit:
871 2778 922 2840 De
940 2777 1092 2859 praelatis
1119 2778 1163 2842 ad
1181 2777 1339 2860 praelatos
1364 2778 1420 2862 qui

333 2859 482 2943 ejusdem
510 2859 577 2922 sint
603 2858 787 2940 dignitatis,
812 2860 875 2923 etsi
901 2863 989 2924 forte
1015 2861 1150 2926 nomine
1177 2860 1352 2941 differant3
1381 2899 1422 2910 —

247 2964 252 2978 ’·
333 2945 384 3010 De
394 2941 552 3022 fratribus
566 2941 707 3024 privatis
722 2941 764 3004 ad
778 2941 899 3022 fratres
915 2944 1086 3027 privatos;
1103 2961 1143 2990 ’-
1158 2944 1209 3010 De
1225 2945 1420 3021 conventibus

333 3025 376 3110 ad
391 3018 562 3101 conventum
578 3042 620 3070 a
631 3023 683 3087 De
691 3023 915 3106 festivitatibus
930 3027 970 3088 ad
976 3019 1175 3107 festivitates.
1191 3026 1244 3089 lta
1258 3019 1369 3112 Julius
1382 3046 1420 3109 11,

338 3109 436 3191 rjun.
456 3107 602 3190 1509,st
619 3105 710 3169 Alios
724 3106 767 3170 ad
781 3108 1043 3192 supplicationem.
1069 3127 1072 3183 j
1147 3129 1150 3132 ·

234 3253 236 3257 .
285 3273 287 3278 ,
375 3203 526 3282 Hinc‚·v.
543 3221 609 3285 gn,
623 3201 711 3283 quod
724 3200 963 3285 Superioribus
979 3203 1078 3266 unius
1094 3181 1229 3267 Ordinis
1251 3203 1419 3269 indultum

148 3577 186 3626 Dr
217 3593 279 3628 com·

120 3638 281 3686 munr'aotione

114 3693 252 3753 priuilegio·

120 3766 170 3798 rum
200 3753 279 3800 Socie-

120 3810 178 3856 totr's
189 3811 255 3862 Jesn.

334 3284 446 3365 fuerit,
465 3286 602 3365 prodest
611 3284 851 3368 ¹Superioribus
864 3281 1019 3364 alterius}
1033 3285 1240 3367 indulgentia
1251 3306 1313 3370 pro
1326 3286 1418 3350 festi-

335 3372 441 3434 vitate
457 3366 660 3432 Fundatoris
676 3366 812 3430 Ordinis
828 3367 855 3430 F
857 3368 1059 3447 ranciscani,
1077 3373 1241 3432 concessa
1263 3369 1418 3450 intelligi·

335 3464 390 3518 tur
405 3471 467 3536 pro
484 3449 670 3515 festivitate
684 3449 823 3536 alterius
839 3449 1054 3520 Fundatoris,
1075 3459 1142 3517 etc.
1230 3460 1233 3466 “
1252 3529 1256 3537 ⁸

340 3537 356 3610 ζ
376 3549 465 3614 356.
491 3547 545 3608 Ex
566 3546 644 3627 jure
671 3537 819 3628 speciali,
844 3541 1035 3632 privilegia,
1061 3537 1210 3626 favores,
1237 3545 1420 3612 facultates

334 3649 421 3712 quae
436 3648 457 3690 a
480 3627 515 3705 S.
533 3628 618 3692 Sede
634 3629 687 3689 vel
703 3629 910 3691 auctoritate
926 3626 1080 3710 delegata
1095 3628 1250 3712 personis
1266 3631 1321 3711 rel
1336 3632 1420 3710 locis

335 3710 611 3794 Societatis-Jesu
628 3711 871 3790 conceduntur,
888 3711 1128 3796 existimantur
1142 3714 1238 3798 prius
1254 3733 1418 3796 concessa

334 3792 532 3877 Praeposito
548 3793 706 3872 Generali
732 3793 780 3856 ita
802 3803 840 3857 ut
866 3793 922 3857 alii
947 3794 1000 3857 his
1022 3791 1142 3876 gratiis
1158 3790 1225 3859 frui
1249 3801 1418 3878 nequeant

222 3953 224 3959 Ι
335 3877 399 3952 nisi
414 3884 577 3958 quantum
592 3868 790 3958 Praeposito
802 3877 912 3939 visum
928 3877 1030 3941 fuerit
1045 3877 1077 3941 id
1094 3878 1294 3961 concedere.
1307 3881 1420 3960 Atque·

335 3961 398 4023 hac
415 3966 546 4021 tantum
561 3959 633 4040 lege
660 3959 814 4022 Societas
840 3959 878 4022 fit
899 3961 1069 4043 particeps
1083 3955 1199 4025 'etiam
1226 3956 1419 4044 gratiarum

334 4062 419 4124 quae
435 4041 560 4106 directe
573 4043 646 4105 aliis
660 4051 739 4104 sunt
751 4042 862 4104 factae
877 4042 1073 4108 Ordinibus

374 4137 462 4201 Hinc
478 4144 590 4210 autem
605 4135 764 4218 quaeritur
778 4141 883 4199 utrum
897 4157 986 4199 necne
1001 4137 1091 4200 ceteri
1104 4119 1238 4202 Ordines
1247 4137 1421 4222 priuilegia

230 4253 231 4256 ¹
332 4220 516 4284 aSoeietate
530 4219 611 4302 Jesu
624 4218 777 4312 accipiant
800 4217 932 4294 obnoxia
946 4219 1045 4282 eidem
1065 4219 1138 4304 legi.
1162 4222 1261 4306 Quod
1283 4220 1419 4289 videtur

333 4303 535 4390 negandum.
562 4303 688 4396 Quare,
712 4303 775 4364 nisi
802 4303 875 4386 ipsa
899 4303 1066 4384 privilegii¹
1092 4303 1267 4372 concessio
1290 4303 1418 4374 diserte

333 4386 420 4448 hanc
453 4384 686 4448 condicionem
713 4383 812 4462 ferat,
844 4386 946 4449 ceteri
973 4384 1116 4464 Ordines
1148 4407 1187 4451 eo
1219 4384 1416 4458 immediate

332 4469 382 4530 uti
396 4468 523 4544 valent,
540 4465 641 4528 etiam
657 4465 849 4529 inconsulto
865 4485 926 4528 suo
942 4466 1064 4551 capite.
1136 4507 1141 4512 -
1246 4495 1248 4498 ·
