3148 5004
335 434 375 498 '18
710 459 777 496 rans
791 459 912 507 QUARTA.
927 419 1041 498 ciruri

335 593 424 658 enim
447 594 536 674 quod
558 594 643 657 haec
659 595 770 658 studia
793 594 985 660 indicantur
1010 599 1165 662 omnibus
1181 606 1219 664 ut
1234 603 1418 668 secundum

336 696 371 740 se
389 677 527 741 meliora
544 677 566 754 ¹,
590 685 628 740 ut
649 677 705 741 via
720 677 936 761 perfectionis
952 681 975 757 ²,
994 680 1073 744 dum
1095 683 1267 764 appetitus
1290 685 1422 751 divitia-

336 781 423 836 rum,
439 759 634 841 voluptatis,
649 760 829 839 honorum,
843 761 1092 827 denunciantur
1105 773 1141 828 tit
1154 766 1253 831 alieni
1269 788 1290 829 a
1302 768 1421 850 spiritu

335 841 514 924 Evangelii
536 841 559 920 ³,
583 842 737 906 omnibus
761 844 1018 908 commendatur
1040 845 1235 924 affectuum,
1257 855 1303 929 et,
1320 860 1421 934 prout

337 926 433 1008 copia
459 923 615 1002 habetur,
644 934 781 990 actuum
808 927 850 988 ad
880 926 946 990 ista
973 929 1115 992 consilia
1140 933 1420 999 accommodatio.

336 1007 500 1074 Omnibus
516 1006 629 1088 itaque
644 1009 818 1086 suadetur,
836 1016 873 1070 ut
885 1029 926 1072 ex
941 1018 1038 1093 parte
1054 1013 1176 1076 saltem
1193 1021 1335 1078 utantur
1347 1016 1420 1080 istis

337 1091 506 1156 consiliis:
524 1109 590 1170 quo
605 1089 643 1152 fit
667 1097 702 1153 ut
718 1109 835 1153 eorum
849 1092 1074 1173 promulgatio
1090 1095 1252 1176 plurimas
1267 1098 1421 1162 omnibus

338 1175 457 1240 afferat
473 1174 648 1236 utilitates.
666 1172 736 1236 cfr.
752 1173 788 1237 S.
802 1173 982 1253 Thomam,
1003 1198 1030 1254 1,
1048 1198 1079 1239 a.
1097 1197 1130 1258 q.
1146 1185 1215 1258 108,
1233 1185 1298 1243 art.
1311 1205 1343 1262 4.

123 1283 285 1331 &vomu-0„
379 1279 411 1322 2.
437 1258 489 1320 Eo
518 1262 629 1318 tamen
661 1256 749 1337 quod
776 1264 1011 1338 proponuntur
1040 1261 1206 1340 quaedam
1235 1282 1255 1323 a
1284 1264 1357 1325 Deo
1383 1270 1421 1327 ut

65 1343 68 1351 ¹
124 1343 284 1411 ainamun-
337 1339 502 1404 secundum
516 1359 546 1400 se
569 1338 719 1415 meliora,
744 1358 811 1400 non
828 1339 916 1402 illico
933 1343 1153 1422 consequitur
1168 1351 1205 1405 ut
1221 1344 1336 1407 eadem
1352 1347 1419 1408 sint

123 1401 242 1448 uirorum.
338 1422 477 1486 omnibus
494 1421 601 1502 magis
616 1421 837 1502 expedientia,
853 1425 955 1484 velut
972 1424 1044 1485 Deo
1059 1425 1103 1487 sit
1119 1427 1224 1507 magis
1239 1433 1415 1505 acceptum

338 1525 455 1570 omnes
484 1523 524 1564 ea
553 1523 654 1585 opere
681 1509 782 1582 atque
812 1505 902 1567 vitae
932 1526 995 1567 usu
1025 1507 1218 1589 simpliciter
1246 1509 1416 1592 amplecti.

219 1663 221 1668 ,
338 1591 389 1653 De
402 1607 469 1669 qua
481 1606 517 1648 re
534 1587 580 1649 ita
597 1586 806 1666 perbreviter
819 1587 953 1650 videtur
969 1588 1158 1653 dicendum.

138 1707 280 1754 0„,„„„,„
380 1673 412 1748 a)
429 1670 504 1732 Non
526 1677 604 1730 sunt
620 1688 736 1730 omnes
753 1668 894 1750 proxime
915 1671 1029 1733 vocati
1052 1673 1094 1735 ad
1110 1673 1295 1754 perlectum
1310 1673 1419 1737 consi·

123 1769 177 1810 sunt
197 1765 279 1830 prora·-
336 1754 458 1816 liorum
471 1771 581 1814 usum.
595 1751 713 1813 Plures
726 1752 814 1815 enim
828 1761 986 1817 tenentur
1002 1753 1150 1835 vinculo,
1169 1763 1290 1839 utputa
1306 1756 1422 1819 matri·

37 1881 42 1896 .
124 1826 254 1921 ΜΨ·
339 1835 454 1911 inonii,
479 1834 567 1913 quod
590 1833 790 1916 abrumpere
813 1836 908 1897 nefas
931 1837 1044 1900 fuerit.
1068 1838 1210 1920 ipseque
1230 1839 1266 1902 S.
1282 1839 1419 1918 Paulus,

341 1941 354 1980 1
372 1918 414 1980 ad
432 1918 510 1979 Tim.
528 1935 558 1998 5,
581 1938 627 1998 14,
652 1918 770 1979 nolens
792 1918 920 1981 scilicet
935 1919 1056 1982 divinis
1071 1922 1237 1984 obsistere
1260 1922 1420 2001 consiliiS,

338 2021 406 2063 non
422 1999 600 2076 dubitavit,
620 1997 803 2080 perspectis
819 2001 999 2084 adjunctis,
1017 2002 1187 2067 scribere:
1208 2029 1220 2058 «
1236 2004 1322 2067 Volo
1341 2024 1423 2085 ergo

339 2084 484 2164 (viduas)
496 2082 649 2165 juniores
662 2083 802 2146 nubere.
823 2110 836 2138 i>

140 2182 281 2246 ueirimqa
379 2167 413 2244 b)
443 2167 558 2248 Neque
587 2184 703 2228 omnes
723 2173 812 2245 ¹sunt
848 2172 959 2228 remote
988 2167 1099 2230 vocati
1128 2167 1171 2230 ad
1207 2172 1362 2230 externam
1394 2173 1422 2229 ei

123 2237 283 2345 ξιξζθῖζζζιζζ
332 2249 490 2332 publicam
498 2247 719 2332 professionem
741 2249 969 2313 consiliorum.
988 2251 1082 2313 Haec
1105 2252 1194 2315 enim
1220 2253 1368 2333 postulat
1383 2257 1421 2312 ut

124 2356 219 2403 uorum.
339 2333 506 2415 coopteris
539 2331 572 2394 in
596 2331 790 2412 religionem
822 2334 1011 2412 probatam.
1042 2335 1160 2398 Plures
1188 2343 1314 2411 autem,
1348 2333 1421 2414 ipsa

339 2419 448 2480 indole
460 2414 562 2478 animi
575 2415 626 2476 vel
640 2415 791 2494 corporis
803 2415 1009 2493 infirmitate,
1034 2416 1067 2509 in
1088 2424 1289 2500 perpetuum
1309 2415 1423 2499 prohi-

338 2501 461 2564 bentur
486 2496 579 2558 aditu
603 2496 780 2576 cujuslibet
812 2499 1084 2579 congregationis
1113 2500 1289 2581 religiosae
1309 2518 1356 2570 ‚ex
1382 2499 1422 2561 iis

338 2601 424 2663 quae
437 2587 516 2641 sunt
528 2578 761 2659 approbatae·
1328 2587 1333 2594 '

158 2686 261 2734 Vocatur
379 2667 411 2741 c)
424 2661 510 2744 Quia
524 2668 637 2722 autem
650 2660 845 2740 evangelica
858 2662 998 2725 cons-lia
1010 2668 1089 2725 sunt
1101 2664 1141 2725 de
1158 2663 1197 2726 iis
1213 2683 1299 2744 quae
1311 2683 1371 2746 per
1383 2682 1420 2724 se

122 2745 282 2847 persequer
338 2754 417 2810 sunt
434 2744 582 2821 meliora,
599 2745 758 2806 voluntas
774 2763 855 2806 vero
872 2746 934 2808 Dei
950 2755 1001 2807 est
1017 2746 1242 2810 sanctificatio
1259 2753 1376 2809 nostra
1391 2747 1414 2823 ⁴,

124 2815 234 2909 lm?
245 2815 282 2850 ‘⁷²'
339 2829 413 2904 ideo
428 2827 465 2889 fit
480 2835 517 2888 ut
533 2827 596 2889 nisi
611 2827 709 2888 aliter
725 2834 870 2906 constet,
889 2828 1039 2908 quisquis
1056 2830 1188 2892 sincera
1204 2828 1418 2911 perfectionis

126 2918 242 2966 innituit
339 2909 523 2973 intentione
536 2909 625 2971 viam
638 2909 726 2971 ineat
742 2911 970 2989 consiliorum,
984 2912 1046 2975 sibi
1064 2913 1218 2976 conscius
1232 2933 1306 2975 esse
1319 2911 1424 2994 possit

125 2979 200 3026 viam.
338 3013 374 3055 se
392 3013 462 3055 rem
478 2991 615 3072 aggredi
638 2992 745 3072 magis
760 2993 834 3054 Deo
849 3005 1036 3076 acceptam,
1062 2997 1105 3058 ad
1129 3016 1230 3077 quain
1247 2994 1420 3078 perficien-

339 3077 414 3138 dam
444 3075 593 3138 divinum
622 3093 690 3136 non
720 3074 914 3138 defuturum
944 3079 987 3140 sit
1014 3079 1186 3157 auxilium,
1216 3080 1263 3142 ita
1289 3085 1327 3140 ut
1356 3077 1420 3138 hac

339 3160 470 3221 ratione
485 3158 528 3220 sit
545 3157 703 3219 divinitus
716 3158 758 3218 ad
774 3178 848 3220 earn
861 3166 1004 3222 vocatus
1021 3161 1044 3225 ⁵.
1064 3161 1133 3226 Cir.
1151 3163 1187 3226 S.
1204 3161 1327 3224 Thom.
1345 3181 1372 3220 1.
1390 3177 1420 3220 a.

339 3263 371 3323 q.
393 3247 460 3312 108,
479 3249 601 3321 art.4;
619 3262 648 3303 2.
666 3262 696 3303 2.
711 3260 743 3320 q.
764 3245 832 3320 189,
850 3251 1002 3321 art.9et
1021 3267 1069 3307 10.

124 3346 284 3395 Noriconstat
380 3326 412 3403 d)
429 3325 541 3388 Unum
558 3324 669 3403 itaque
685 3333 839 3404 superest
856 3326 1097 3404 quaerendum,
1113 3324 1153 3386 de
1167 3320 1420 3385 universalitate

124 3418 284 3510 fmnesrefnod-
340 3408 527 3469 vocationis
552 3411 683 3467 remorae
709 3407 751 3468 ad
774 3407 946 3484 sectanda,
962 3411 1091 3471 'saltem
1114 3407 1256 3481 occulte,
1281 3403 1420 3466 consilia

123 3476 266 3566 §.mm
339 3491 547 3570 evangelica.
572 3489 732 3570 Quaestio
756 3490 820 3551 ista
844 3491 909 3553 huc
933 3489 1030 3567 redit,
1054 3499 1167 3551 utrum
1190 3506 1295 3548 necne
1319 3485 1362 3548 sit
1386 3485 1419 3548 in

123 3577 226 3645 consuta
338 3574 411 3635 Deo
427 3573 584 3633 voluntas
600 3571 633 3632 vi
649 3571 744 3652 cujus
762 3572 883 3634 nemini
899 3572 1026 3650 adult0,
1044 3570 1155 3632 oranti
1171 3581 1257 3630 etse
1280 3589 1420 3650 praepa-

123 3634 264 3694 evangetna.
339 3654 440 3732 ranti,
457 3653 554 3734 idque
572 3654 744 3715 moraliter
759 3655 802 3716 ab
819 3655 912 3717 initio
929 3655 1018 3716 vitae
1031 3651 1219 3730 rationalis,
1234 3659 1417 3733 negaretur

368 3897 443 3946 ¹Cfr.
458 3915 467 3944 i
480 3896 513 3944 ad
525 3897 581 3944 Cor.
594 3910 618 3944 c.
629 3913 651 3954 7.
663 3925 691 3932 —
702 3901 712 3934 ἓ
725 3915 734 3943 ι
749 3897 776 3946 Si
789 3896 829 3944 vis
841 3895 977 3956 perfectus
988 3909 1055 3944 esse.
1071 3911 1080 3940 i
1094 3922 1121 3929 -
1132 3895 1143 3930 ³
1155 3913 1165 3942 1
1179 3895 1206 3944 S.
1218 3895 1333 3962 Joannis,
1348 3913 1370 3944 a.

367 3956 444 4004 ⁴Cir.
459 3954 512 4002 iad
526 3955 634 4019 Thessal,
648 3976 671 4012 4·
685 3964 706 4002 3.
879 4010 883 4018 Ι
1269 4008 1273 4018 ι
1375 4008 1380 4017 ,

365 4017 376 4052 5
386 4015 462 4061 Neve
473 4013 588 4071 objicias
598 4013 771 4060 vocationem
784 4011 822 4059 ita
839 4011 1020 4059 universalem
1031 4025 1185 4071 repugnare
1200 4009 1315 4058 conSilio
1325 4009 1420 4064 divino

338 4074 372 4122 de
382 4071 564 4132 perpetuitate
575 4069 703 4130 conjugii.
715 4071 760 4120 Sic
771 4069 844 4118 enim
854 4069 882 4116 in
892 4068 980 4116 forma
989 4069 1105 4118 solvitur
1113 4068 1269 4128 huiusmodi
1279 4066 1420 4116 instantia.

338 4129 507 4180 Institutioni
523 4128 641 4188 conjugii
662 4138 811 4188 perpetuae
828 4137 962 4186 repugnat
979 4128 1088 4176 vocatio
1103 4128 1140 4176 ad
1159 4128 1245 4176 vitam
1265 4125 1420 4186 religiosam

338 4188 454 4256 quaesit
465 4186 587 4252 omnium
605 4187 726 4251 collective,
739 4186 767 4233 C.
785 4185 944 4250 distributive,
963 4186 1136 4251 subdistingue.
1155 4186 1177 4234 si
1197 4184 1280 4232 iuerii
1292 4195 1421 4248 praecep·

337 4259 394 4296 tiva
405 4247 431 4294 C.
443 4259 484 4298 :si
497 4258 569 4292 mere
579 4258 711 4298 suasoria,
723 4243 823 4290 subdisi.
834 4257 856 4290 si
873 4245 954 4291 siinul
971 4257 995 4291 ei
1010 4244 1193 4305 conjungatur
1201 4249 1276 4291 certa
1285 4254 1421 4300 praevisio

337 4319 392 4352 non
410 4303 606 4350 nimis'multos
627 4302 684 4349 fore
704 4301 751 4366 qui
772 4299 1146 4366 invitationilobsequantur.
1158 4315 1224 4360 nego:
1240 4297 1349 4347 sublata
1369 4298 1421 4346 hac

337 4361 517 4424 praevisione.
529 4358 632 4422 conida.
646 4361 729 4406 Ratio
741 4357 832 4424 brevis
843 4365 882 4407 est
894 4373 960 4420 quia
971 4373 1035 4409 cuin
1046 4360 1099 4410 hac
1111 4357 1283 4420 praevisione
1295 4358 1371 4405 nulia
1381 4362 1422 4403 est

337 4425 517 4467 contrarietas
529 4426 669 4476 utriusque
681 4418 839 4466 voluntatis.
