3138 5014
163 397 346 480 [438-443]
532 419 568 453 ns
583 374 757 453 ursanncrrrn
772 416 924 452 ruraarona
1190 392 1250 456 263

162 564 213 623 est
229 558 262 621 in
278 575 418 619 munere
442 555 489 618 ita
513 554 668 618 obeundo
683 559 721 616 ut
741 563 942 637 procuretur
959 553 1083 617 bonum
1098 554 1248 618 Instituti

161 650 194 704 et
210 640 421 719 subditorum
441 661 447 702 :
465 639 602 716 bonum,
616 638 763 718 inquam,
782 636 871 700 istud
886 656 971 719 quae
986 636 1090 718 ipsius
1107 655 1247 720 congre·

161 724 307 805 gationis
323 728 375 786 est
387 721 486 786 ratic.
500 722 574 805 Quo
590 721 700 784 officio
713 719 875 803 Superior
885 726 1020 782 tenetur
1031 739 1072 780 ex
1086 718 1244 804 religione.

161 808 257 871 Licet
273 805 361 868 enim
378 805 481 868 tacita
500 803 689 886 promissi0,
708 822 794 883 quae
810 808 969 884 suscepto
986 819 1125 864 munere
1142 805 1247 868 conti·

161 897 273 967 netur,
292 907 401 970 perse
417 887 459 950 ad
472 886 623 970 justitiae
639 887 801 949 virtutem
823 885 1002 962 referatur,
1020 884 1119 966 hujus
1135 892 1247 950 tamen

161 975 198 1036 in
210 973 275 1034 hac
291 990 395 1034 causa
411 978 523 1053 partes
539 969 673 1032 videtur
685 971 818 1052 explere
834 967 935 1030 altior
949 966 1059 1041 virtus
1074 966 1245 1051 religionis,

162 1057 257 1138 cujus
278 1054 423 1139 impulsu
447 1054 559 1116 omnia
582 1073 666 1136 pene
691 1057 856 1133 reguntur
878 1069 965 1133 quae
987 1049 1029 1112 ad
1056 1049 1246 1131 religiosam

138 1148 140 1151 ’
161 1139 307 1203 attinent
323 1135 629 1199 conversationem.

201 1243 233 1286 a.
261 1220 388 1284 Verum
416 1219 595 1282 nonnullas
622 1216 677 1280 hic
707 1216 802 1279 brevi
831 1215 1016 1280 indicamus
1046 1214 1246 1299 obligationes

153 1302 335 1388 peculiares,
359 1322 445 1382 quae
470 1323 511 1364 ex
533 1300 716 1364 universali
736 1295 835 1363 officii
851 1299 981 1363 ratione
997 1318 1064 1363 non
1079 1306 1245 1364 eruuntur

160 1388 219 1450 sed
232 1386 432 1469 specialibus
447 1383 679 1449 sanctionibus
696 1389 705 1418 ¹
723 1389 802 1446 sunt
819 1382 1008 1466 impositae.
1065 1452 1067 1460 Α

201 1471 289 1534 441.
308 1471 484 1532 Professio
502 1469 598 1531 fidei.
622 1489 650 1531 r.
669 1465 707 1530 C.
724 1464 899 1548 lajarrclenn
914 1464 999 1527 nobis
1014 1463 1064 1528 Pii
1079 1482 1114 1528 1v
1129 1466 1244 1530 viden·

161 1557 216 1614 tur
232 1551 294 1632 ipsi
316 1551 464 1615 Praelati
489 1549 631 1631 astringi
653 1549 835 1612 emittenda
850 1547 926 1612 fidei
941 1547 1160 1631 professione.
1177 1549 1244 1613 Sed

161 1653 228 1696 non
257 1638 389 1696 constat
417 1633 549 1698 Bullam
576 1634 675 1695 istam
701 1652 775 1694 esse
801 1651 864 1693 usu
890 1637 1060 1714 receptam
1087 1633 1175 1712 quod
1201 1633 1244 1696 ad

163 1716 338 1781 Praelatos
363 1717 536 1796 regulares
560 1715 615 1794 qui
638 1714 829 1797 aCapitulo
846 1715 899 1776 vel
914 1713 1058 1796 propriis
1084 1715 1243 1798 Superio-

161 1798 265 1876 ribus,
296 1817 361 1859 non
388 1803 501 1860 autem
528 1818 548 1858 a
565 1797 600 1861 S.
629 1797 714 1860 Sede
740 1797 975 1861 instituuntur.
1004 1797 1074 1860 Cfr.
1103 1799 1241 1876 Giraldi‚

160 1879 423 1963 Exposiliojnris
440 1879 556 1962 pontif.
580 1899 705 1962 parea,
723 1900 751 1944 s.
782 1886 850 1959 136,
868 1900 900 1962 p.
921 1901 1009 1958 rorr,
1027 1881 1083 1960 qui
1098 1884 1244 1965 appellat

161 1964 386 2032 Thesaurum,
412 1963 461 2026 De
482 1963 606 2042 Poenis,
624 1981 661 2042 11,
686 1984 719 2027 v.
743 1963 839 2025 Fidei
853 1961 1023 2042 professio;
1046 1972 1080 2026 et
1104 1964 1205 2044 Fiat,
1218 1981 1242 2044 1,

161 2064 399 2192 p2⁵.9l3⁴2andem
423 2134 535 2191 autem
560 2127 781 2210 personaliter
796 2127 908 2189 facere
923 2125 1057 2205 debent,
1081 2133 1244 2211 antequam

162 2212 266 2274 docere
293 2210 454 2294 incipiant,
471 2211 611 2273 Lectores
626 2230 686 2272 seu
713 2209 851 2291 quilibet
877 2208 1041 2290 magistri,
1070 2231 1111 2286 ex
1137 2211 1177 2276 C.
1206 2214 1245 2276 ln

162 2295 365 2358 Sacrosancta
391 2294 540 2378 ejusdem
566 2293 750 2356 Pontificis.
778 2293 909 2356 Rursus
937 2291 1145 2357 consuetudo
1174 2295 1244 2358 fere

160 2377 282 2458 ubique
308 2377 376 2440 vim
402 2378 474 2460 ejus
500 2376 582 2459 legis
609 2375 822 2456 temperavit,
850 2394 918 2437 non
946 2375 992 2437 ita
1022 2379 1135 2439 tamen
1151 2384 1189 2440 ut
1204 2397 1244 2440 ea

160 2461 352 2522 eximantur
381 2460 525 2523 lectores
562 2459 812 2542 disciplinarum
843 2477 1030 2537 sacrarum,
1062 2458 1095 2522 in
1123 2459 1243 2541 quibus

159 2543 336 2606 referenda
351 2550 403 2606 est
419 2543 631 2626 philosophia
647 2561 731 2624 quae
750 2542 793 2605 ad
808 2540 1013 2622 theologiam
1028 2541 1118 2606 viam
1133 2549 1242 2626 parat.

201 2625 344 2691 Praelati
358 2628 401 2689 ad
417 2647 500 2708 quos
523 2631 655 2709 spectat
677 2627 822 2688 lectores
838 2624 1027 2706 instituere,
1045 2624 1107 2688 nisi
1123 2632 1244 2689 curent

159 2715 197 2772 ut
212 2711 296 2773 haec
309 2709 472 2794 professio
488 2709 564 2773 fidei
578 2709 764 2788 emittatur,
779 2708 956 2772 incurrunt
971 2707 1004 2769 in
1020 2707 1244 2790 privationem

159 2792 345 2855 officiorum
369 2800 402 2855 et
425 2791 625 2874 dignitatum
641 2800 675 2854 et
696 2791 943 2854 inhabilitatem
959 2790 1000 2852 ad
1017 2810 1057 2853 ea
1072 2798 1106 2853 et
1121 2793 1187 2856 alia
1211 2791 1243 2856 in

160 2880 330 2955 posterum
347 2876 556 2956 assequenda
570 2877 601 2953 2;
615 2874 756 2955 Lectores
771 2895 853 2938 vero
868 2873 959 2937 illam
975 2873 1169 2939 omittentes
1181 2895 1243 2939 suo

161 2955 339 3035 privantur
355 2956 463 3018 officio
479 2958 533 3019 vel
549 2957 721 3019 cathedra.

201 3037 291 3101 442.
321 3039 538 3099 Sacrificium
569 3038 736 3101 interdum
766 3059 826 3122 pro
861 3038 981 3101 ovibus
1007 3039 1077 3101 suis
1104 3041 1240 3119 offerre,

160 3124 341 3201 praecepto
364 3118 477 3181 divino
502 3119 697 3182 mandatum
720 3128 771 3182 est
794 3119 949 3182 omnibus
973 3121 1092 3202 quibus
1114 3121 1243 3185 anima·

160 3221 235 3263 rum
252 3220 334 3264 cura
357 3200 535 3263 commissa
557 3209 619 3264 est.
644 3203 708 3276 lta,
727 3202 766 3266 C.
782 3202 876 3266 Trid.
894 3222 921 3264 s.
940 3225 990 3282 23,
1009 3223 1038 3267 c.
1060 3225 1086 3280 1,
1103 3204 1152 3265 De
1167 3205 1240 3285 Ref.

160 3285 273 3367 Quare
289 3284 372 3346 haec
389 3288 440 3346 est
463 3285 565 3346 etiam
589 3284 749 3366 obligatio
771 3286 1006 3368 Praelatorum
1023 3285 1240 3366 regularium.

200 3368 290 3432 443.
314 3370 367 3428 De
390 3368 600 3430 visitatione
626 3370 826 3430 domorum.
855 3367 1053 3450 Superiores
1079 3367 1242 3431 Ordinum

68 3491 74 3511 .
162 3450 219 3530 qui
250 3455 329 3512 sunt
353 3451 497 3533 exempti
515 3450 678 3533 jubentur
700 3449 742 3513 ab
761 3450 830 3534 ipso
854 3450 893 3513 C.
916 3450 1009 3514 Trid.
1027 3471 1054 3513 s.
1073 3469 1123 3530 25,
1142 3471 1171 3513 c.
1189 3474 1240 3530 ao,

157 3532 207 3594 Dc
228 3531 354 3616 Regal„
381 3533 586 3595 monasteria
615 3539 649 3594 et
674 3534 793 3595 domus
823 3532 884 3595 sibi
907 3531 1040 3596 subdita
1063 3533 1243 3614 diligentur

153 3618 208 3697 pen
233 3637 263 3678 se
293 3616 345 3678 vel
368 3619 423 3696 per
444 3614 597 3698 delegatos
626 3615 776 3678 visitare.
808 3615 947 3698 Quoties
977 3617 1169 3698 peragenda
1192 3617 1242 3692 ¹sit

159 3697 321 3777 visitatio,
349 3699 469 3761 silente
491 3699 569 3780 jure
594 3697 772 3771 communi,
802 3718 843 3760 ex
869 3697 1003 3761 Ordinis
1019 3698 1242 3762 Constitutio-

72 3818 73 3821 =
160 3780 257 3843 nibus
280 3790 332 3844 est
355 3782 588 3862 colligendum.

1300 559 1405 628 generali
1413 575 1462 607 mn·

1302 633 1366 666 nerrs
1400 631 1461 665 exse·

1302 679 1398 726 cstione.
1423 676 1463 723 sni

1302 733 1462 792 deobligatia·

1302 793 1343 839 bas
1365 791 1462 852 peculia·

1302 850 1377 898 ribus.

1314 1481 1460 1542 Quibusnam

1299 1541 1433 1600 imponetur

1294 1599 1409 1659 professio

1297 1656 1418 1707 Praelatis
1427 1671 1436 1709 .'

1298 2143 1456 2192 Lectoribas?

1326 2625 1427 2672 Sanctia

1298 2683 1365 2743 bajus
1375 2681 1440 2742 legis.

1312 3103 1316 3111 .
1325 3042 1448 3112 obligatio

1296 3099 1385 3148 litanda
1393 3107 1437 3162 pra

1296 3159 1385 3210 ouibus.

1329 3382 1444 3432 Visitatr'a

1295 3439 1385 3490 domus.

189 3991 301 4058 lQuare
316 3989 350 4039 de
366 3989 490 4038 fovendis
500 3989 622 4038 scientiis
632 3989 792 4050 praesertim
811 3989 896 4040 sacris
916 3995 943 4040 et
961 3991 995 4040 de
1011 3990 1158 4052 conjuncta
1177 4005 1244 4042 cura
1296 3991 1300 3996 ’
1374 3983 1379 3990 ’

159 4047 358 4104 Bibliothecae,
377 4048 445 4097 nihil
461 4048 544 4096 etiam
562 4048 694 4097 dicemus.
714 4049 848 4110 Quamvis
864 4048 937 4097 enim
958 4055 1104 4110 utrumque
1122 4049 1244 4099 studium

158 4120 245 4171 perse
255 4107 291 4154 ad
302 4105 422 4172 debitam
434 4106 553 4172 Praelati
565 4105 786 4166 procurationem
797 4106 913 4172 maxime
924 4107 1068 4168 pertineat,
1078 4107 1139 4174 jure
1150 4113 1243 4174 tamen

158 4171 275 4222 positivo
286 4177 422 4212 commum
435 4164 633 4229 n1h11,1praeter
643 4178 733 4225 pauca
745 4177 815 4225 quae
850 4179 933 4213 assrm
944 4171 1007 4214 sunt
1018 4167 1127 4223 tradita,
1145 4180 1244 4225 repert·

158 4235 219 4269 mus
230 4219 379 4270 definitum.
392 4224 467 4284 Quas
479 4236 551 4270 emm
562 4224 632 4284 leges
641 4222 719 4272 affert
730 4224 764 4272 R.
778 4223 811 4272 P.
827 4179 898 4281 brat,
911 4237 929 4281 1,
942 4231 994 4282 604,
1012 4238 1081 4274 unos
1092 4223 1244 4284 respiciunt
1333 4283 1334 4286 Ἴ

161 4280 270 4328 Fratres
283 4277 410 4328 Minores.

186 4339 239 4387 2C.
252 4337 284 4384 ln
294 4336 462 4403 Sae'rosaneta.
480 4339 736 4388 Excommunicatio
752 4340 770 4388 l.
784 4353 805 4389 s.
823 4343 924 4398 autem,
938 4355 1009 4402 quae
1028 4340 1124 4392 eadem
1144 4341 1244 4390 indice·

159 4393 241 4444 batur
253 4396 462 4454 Constitutione,
474 4397 583 4446 sublata
595 4402 635 4447 est
648 4400 678 4447 C.
691 4398 842 4458 Apostolicae
852 4398 929 4446 Sedis.
