3148 5004
335 486 375 555 iil
623 496 625 501 ’
710 505 778 548 exus
793 507 889 550 turus.
907 507 997 552 carus
1013 509 1044 551 nt

333 671 441 714 norum
472 643 700 733 (Mercedarir'),
728 648 820 732 prior
856 669 877 714 a
916 652 951 715 S.
986 652 1115 736 Joanne
1153 653 1193 717 de
1231 657 1349 721 Matha
1386 666 1422 722 et

335 734 370 797 S.
391 733 503 797 Felice
529 734 570 795 de
595 733 723 809 Valois,
750 735 857 796 altera
873 734 971 798 ass.
995 737 1097 817 Petro
1119 737 1265 801 Nolasco
1281 747 1315 802 et
1329 742 1420 823 Ray·

335 817 459 881 mundo
494 816 534 878 de
569 814 774 879 Pennaiorte
810 817 965 878 conditae
1001 837 1029 881 s.
1059 834 1132 896 xur,
1171 821 1422 905 liberandisque

333 899 487 963 addictae
503 899 656 982 captivis.
675 898 805 979 Regula
817 904 966 974 ¹utuntur
981 899 1017 963 S.
1035 901 1227 982 Augustini,
1245 925 1285 967 ac
1301 925 1425 969 recen-

333 990 451 1045 sentur
467 981 555 1043 inter
570 981 814 1046 Mendicantes.

146 1075 250 1123 Ordines
375 1087 405 1128 a.
422 1063 552 1127 Ordines
576 1061 796 1144 Hospitalarir',
813 1082 897 1144 quos
920 1063 995 1126 finis
1019 1065 1171 1128 caritatis
1195 1055 1351 1150 prohibet
1376 1091 1421 1132 ne

121 1205 164 1238 '⁸²'
331 1229 578 1293 assimulemus
606 1228 650 1291 Hi
673 1229 876 1309 peculiarem
901 1249 1017 1292 curam
1044 1230 1170 1293 habent
1186 1235 1416 1298 Infirmorum.

331 1314 406 1397 Jam
431 1328 530 1374 s.x11
559 1317 713 1387 exeunte,
742 1311 887 1392 religiosi
910 1313 1132 1376 et'moniales
1162 1314 1422 1398 Congregationis

330 1417 350 1458 a
375 1394 410 1457 S.
434 1393 555 1474 Spiritu
570 1393 602 1455 in
618 1391 718 1455 Saxia
741 1412 777 1454 se
793 1403 915 1473 quarto
932 1394 1098 1458 serviendi
1115 1399 1318 1482 pauperibus
1334 1405 1420 1460 voto

331 1476 599 1556 obstringebant.
624 1475 660 1538 S.
684 1492 745 1537 xm
768 1479 875 1553 (1218)
898 1477 1069 1539 Honorius
1084 1495 1123 1540 111
1139 1489 1219 1542 vota
1246 1480 1417 1560 religionis

331 1559 468 1622 indulsit
484 1556 651 1620 Fratribus
666 1555 904 1638 hospitalaribns
926 1559 1054 1622 dictisn
1070 1560 1105 1622 S.
1123 1562 1267 1624 Antonio.
1284 1565 1418 1626 Fratres

331 1640 460 1705 Cellitae
474 1639 652 1722 approbati
679 1647 758 1702 sunt
774 1641 869 1705 aPio
896 1659 931 1720 11,
960 1655 994 1703 a⁰
1019 1648 1110 1724 1460.
1145 1644 1303 1708 Omnium
1331 1646 1418 1712 cele-

331 1724 467 1786 berrinii
492 1729 572 1784 sunt
587 1723 716 1785 Fratres
731 1743 750 1783 a
766 1723 801 1786 S.
818 1723 943 1806 Joanne
958 1724 995 1786 de
1010 1725 1076 1786 Deo
1089 1728 1209 1807 (1572),
1225 1729 1281 1808 qui
1295 1746 1418 1794 accen·

331 1815 448 1870 sentur
470 1805 739 1868 Mendicantibus
763 1813 798 1867 et
827 1806 954 1887 aliquot
981 1807 1109 1870 babere
1139 1811 1248 1872 solent
1280 1811 1412 1874 sodales

331 1887 521 2034 sagerpotio
536 1897 666 1967 auctos,
691 1889 747 1970 qui
770 1889 944 1972 spirituale
966 1888 1086 1952 afferre
1116 1893 1252 1952 valeant
1276 1891 1420 1956 infirmis

331 1993 371 2033 su
396 1991 422 2033 si
448 1991 528 2033 rum.

146 2051 247 2120 ordines
372 2077 404 2134 3.
421 2053 552 2116 Ordines
567 2049 726 2119 militares.
745 2053 800 2134 qui
816 2073 981 2135 perarma
1005 2073 1127 2117 causae
1147 2054 1275 2119 Christi
1292 2057 1421 2120 servie-

117 2109 249 2158 trainam.
331 2137 425 2200 bant.
448 2138 541 2199 Inter
556 2135 629 2214 hos
654 2135 745 2198 Ordo
768 2137 919 2217 Eqnitnrn
933 2136 1153 2216 Melitensium,
1179 2146 1281 2201 antea
1303 2140 1435 2221 appel·-

331 2221 420 2282 latus
453 2219 620 2300 equestris
652 2219 735 2280 ordo
764 2219 799 2281 S.
828 2219 966 2302 Joannis
996 2219 1284 2301 Hierosolymitani,
1315 2228 1417 2302 atque

331 2302 422 2446 &rgo
448 2302 600 2412 Elqnitrnn
626 2301 858 2380 Tentonieornrn
879 2310 960 2365 vota
982 2301 1154 2383 religionis
1180 2303 1420 2367 substantialia

356 2405 376 2446 a
401 2392 458 2445 ent
489 2430 497 2448 .

373 2466 527 2529 Militaris
550 2465 613 2527 fuit
636 2465 728 2526 Ordo
750 2465 1020 2546 Templariorum
1034 2487 1132 2547 quos,
1150 2469 1192 2530 ob
1209 2469 1420 2551 importunas

331 2548 510 2610 instantias
541 2547 629 2626 regis
659 2548 871 2626 Galliarum,
890 2549 1033 2631 Philippi
1068 2551 1220 2628 Pulchri,
1258 2549 1421 2613 exstinxit

332 2633 438 2710 (1316)
457 2630 611 2693 Clemens
631 2646 653 2690 v
683 2630 715 2691 in
747 2629 888 2692 concilio
917 2631 1115 2694 Viennensi.
1144 2632 1418 2712 Templariorum

332 2731 435 2775 causa
450 2715 564 2794 plures
580 2711 678 2774 hodie
694 2719 795 2774 nacta
810 2720 861 2774 est
877 2719 1050 2795 patronos.

408 2901 422 2989 l
449 2915 486 2995 9.
516 2891 586 2972 De
612 2890 838 3001 Ordinibus
868 2897 911 2973 el
935 2892 973 2972 C
972 2887 1343 2997 angregatr'onibns

763 3015 989 3098 rnnliernrre

138 3231 281 3292 Triplexgc-
377 3213 437 3277 61.
456 3210 531 3273 Alia
554 3209 732 3272 mulierum
747 3210 906 3272 instituta
925 3216 1004 3270 sunt
1020 3209 1125 3272 veluti
1142 3209 1292 3271 accessio
1316 3223 1419 3287 quae·

116 3304 169 3337 Μ·
335 3295 411 3357 dam
434 3293 568 3355 Ordinis
592 3293 644 3354 vel
666 3291 946 3372 Congregationis
977 3291 1142 3369 virorum,
1167 3291 1263 3372 cujus
1288 3287 1420 3370 legibus

145 3400 246 3448 Secundi·
335 3377 579 3458 quodammodo
616 3382 695 3437 sunt
731 3375 896 3436 obnoxiae
929 3381 1177 3453 censenturque
1214 3371 1420 3453 participare

118 3457 230 3506 Ordines.
335 3460 513 3522 rationem.
531 3457 731 3539 Huiusmodi
748 3463 826 3519 sunt
839 3456 1000 3518 Moniales
1013 3477 1033 3517 a
1047 3456 1082 3518 S.
1098 3455 1210 3528 Clara,
1229 3474 1248 3516 a
1265 3453 1301 3517 S.
1321 3452 1418 3514 Cole-

335 3550 381 3620 ta,
399 3563 419 3604 a
436 3542 471 3604 S.
488 3540 670 3615 Theresia;
688 3539 830 3601 Sorores
847 3539 908 3607 sub
925 3539 1023 3600 titulo
1040 3537 1101 3600 SS.
1119 3535 1368 3617 Redemptoris.

118 3633 281 3702 azrasutsunt
376 3625 451 3687 Alia
466 3623 638 3704 propriam
662 3622 788 3683 habent
814 3620 976 3701 originem
1004 3619 1123 3698 suique
1146 3629 1225 3681 sunt
1248 3617 1347 3700 juris.
1365 3618 1420 3679 Ita

42 3731 44 3737 ⁸
118 3705 188 3745 iera.
335 3708 498 3769 Moniales
518 3703 692 3770 Ursattnae,
711 3723 795 3784 quas
815 3722 892 3784 1544
907 3701 1053 3763 condidit
1070 3701 1105 3763 S.
1129 3702 1262 3781 Angela
1278 3699 1417 3776 Merici·,

335 3788 425 3850 Ordo
459 3786 653 3851 Visitatr'onis
678 3787 720 3849 Β.
745 3787 792 3850 M.
825 3787 862 3849 V.
890 3783 945 3864 qui
971 3784 1077 3865 (1626)
1108 3795 1266 3846 auctores
1297 3783 1418 3844 habuit

335 3871 372 3935 S.
387 3871 606 3932 Franciscum
623 3868 787 3931 Sale'sium
804 3876 835 3930 et
853 3867 888 3930 S.
900 3867 1067 3950 Joannam
1081 3866 1229 3929 Fremiot
1245 3865 1284 3927 de
1305 3864 1420 3926 Chan-

335 3955 398 4031 tal;
417 3953 463 4015 ita
479 3951 677 4034 praesertim
693 3952 818 4012 multae
830 3951 1110 4031 congregationes
1127 3951 1316 4030 religiosae,
1334 3967 1417 4027 qua·

334 4039 381 4098 les
397 4045 476 4096 sunt
493 4035 636 4098 Sorores
651 4054 672 4095 a
688 4033 750 4096 SS.
770 4032 892 4096 Corde.

115 4131 279 4234 Atraetsspntna
375 4120 449 4181 Alia
465 4118 605 4197 denique
619 4122 736 4178 carent
752 4116 899 4179 essentia
921 4121 1031 4177 status
1058 4114 1217 4198 religiosi.
1235 4115 1311 4197 Jam
1335 4109 1421 4175 indi·
1500 4147 1502 4152 ·

115 4202 238 4306 ltu-at
252 4203 279 4234 “⁸

360 4352 368 4384 1
380 4352 420 4398 De
430 4348 526 4398 ordine
536 4349 648 4407 Equitum
663 4347 852 4401 Teutonicoruna
871 4345 941 4393 alias
957 4345 1035 4390 Domo
1052 4342 1166 4402 hospitali
1176 4344 1204 4390 S.
1217 4344 1317 4389 Mariae
1330 4342 1414 4388 Tenta-

331 4411 438 4456 rn'cornm
457 4411 481 4454 tn
499 4405 639 4460 Jerusalem,
657 4403 705 4450 cfr.
727 4404 916 4451 annotationes
937 4403 970 4450 R.
995 4401 1026 4449 Ρ.
1045 4401 1142 4458 Nilles,
1165 4403 1191 4450 S.
1212 4401 1237 4465 J.
1251 4398 1417 4448 Innsbruck.

332 4463 495 4521 Zeitschrilt,
510 4470 575 4519 1887,
590 4469 629 4508 186
640 4475 691 4519 sq.‚
703 4467 754 4518 398.

119 1132 251 1201 Uestiam
333 1146 519 1223 monachis
538 1146 687 1208 defectus
710 1154 824 1208 autem
847 1146 1026 1209 clericatus
1043 1167 1084 1210 ne
1107 1147 1162 1212 alii
1178 1152 1293 1231 generi
1318 1152 1427 1234 plane·¹
1486 1219 1487 1223 ,
