3138 5014
140 452 317 535 [416-418]
480 471 516 505 oie
533 470 705 506 iiiiiitniiciiiu
720 470 872 507 inanitione
1165 441 1225 514 d-lu'

138 607 266 665 tribuere
281 601 541 682 jurisdictionem?
561 601 767 660 Nihilominus
786 602 814 660 id
833 603 966 661 alienum
986 622 1050 662 esse
1070 606 1108 661 ab
1124 585 1225 662 mente

139 705 236 754 etusu
249 693 280 753 S.
296 690 551 766 Congregationis,
569 690 740 763 praesertim
754 690 929 749 si'sacerdos
946 693 984 749 sit
998 692 1176 763 secularis'1,
1192 711 1228 749 ex

139 779 234 835 variis.
256 775 461 834 monumentis
488 789 549 831 non
574 773 698 831 obscure
729 775 915 846 perspicitur.
937 773 982 832 lta
1006 793 1041 832 ex
1069 776 1229 850 privilegiis

137 862 271 940 jubilaei,
282 862 431 934 regulares
443 869 524 916 extra
537 855 681 915 Ordinem
695 875 784 915 suurn
798 859 879 916 adire
893 869 1048 933 nequeunt
1062 861 1119 917 nisi
1132 879 1228 918 sacer·
1294 857 1299 864 ’

141 946 224 1002 dotes
242 962 317 1018 quos
335 943 540 1017 approbaverit
559 941 734 1000 Ordinarius
753 943 820 999 loci.
844 941 891 1000 lta
910 945 1000 1002 etiam
1020 945 1119 1002 nullas
1131 945 1229 1003 decla·

142 1031 218 1087 ravit
235 1027 266 1087 S.
282 1029 316 1088 C.
330 1029 436 1098 Cone,
450 1029 483 1085 18
496 1036 569 1101 sept.
587 1025 666 1102 1769,
680 1025 884 1085 consessiones
906 1028 999 1087 factas
1010 1029 1154 1087 sacerdoti
1168 1048 1229 1087 non

143 1111 314 1186 approbato,
339 1112 393 1168 etsi
412 1130 481 1168 cum
505 1111 624 1168 licentia
646 1111 754 1184 proprii
777 1111 960 1185 Superioris3
991 1122 1080 1187 atque
1105 1127 1136 1170 a⁰
1162 1115 1232 1188 1564

144 1197 350 1270 pronunciavit
361 1195 499 1268 S.C.Ep.
512 1203 541 1252 et
556 1195 630 1267 Reg.
645 1195 675 1251 in
691 1193 804 1252 Ordine
820 1195 1020 1255 Eremitarum
1031 1196 1231 1270 S.Augustini

144 1281 218 1338 nihil
240 1281 356 1338 obstare
379 1281 452 1356 quin
475 1298 493 1336 a
512 1278 669 1352 Superiora
691 1276 879 1353 delegaretur
906 1281 1043 1337 sacerdos
1062 1287 1230 1347 extraneus,

146 1364 335 1422 <dummodo
346 1364 383 1422 ab
394 1365 542 1438 Episcopo
557 1365 595 1420 sit
608 1362 824 1437 approbatus».
839 1361 899 1421 Cfr.
916 1363 1055 1433 Bizzarri,
1070 1381 1098 1436 p.
1113 1377 1233 1438 775·777

144 1466 213 1505 curn
242 1449 334 1518 notis3
362 1450 408 1506 vel
436 1446 666 1517 Santi-Leitner,
689 1447 740 1520 qui
761 1447 782 1505 1.
802 1463 829 1520 3,
851 1455 872 1505 t.
892 1463 937 1521 37,
959 1465 990 1504 ri.
1017 1446 1108 1520 14·18‚
1129 1445 1234 1502 acriter

146 1533 322 1590 severiorem
338 1531 469 1589 obtrudit
483 1531 676 1589 sententiam.

187 1630 277 1696 417.
294 1631 503 1693 Reservatio
515 1647 676 1692 casuum.
690 1631 754 1692 Per
769 1644 804 1690 se
820 1626 967 1692 Praelati
983 1632 1124 1710 possunt
1135 1645 1233 1688 reser-

147 1731 218 1773 vare
246 1731 357 1775 casus.
384 1714 434 1776 Ne
460 1719 573 1775 tamen
600 1711 701 1774 nimia
726 1710 813 1773 foret
836 1711 957 1777 horum
982 1709 1230 1792 multiplicatiO,

150 1794 304 1858 Clemens
327 1811 389 1858 viii
405 1795 446 1857 ad
462 1793 627 1872 undecim,
644 1793 688 1856 ab
710 1792 782 1876 ipso
806 1793 1003 1875 descriptos,
1028 1812 1127 1859 casus
1154 1812 1234 1855 cori-

149 1877 252 1940 traxit
269 1875 324 1956 qui
340 1877 382 1939 ab
405 1896 473 1939 uno
499 1877 680 1957 Superiore
707 1875 855 1956 regulari
879 1874 1048 1938 reservari
1064 1875 1233 1938 valerent.

152 1961 226 2043 Qua
240 1957 490 2022 Constitutione
505 1966 634 2021 nonest
649 1957 820 2020 deminuta
835 1957 979 2020 facultas
996 1957 1234 2038 congregatio·

151 2062 230 2106 num
248 2060 308 2104 seu
324 2041 559 2123 capitulorum.
575 2040 737 2105 Undecim
749 2040 811 2102 hos
828 2059 939 2118 casus,
954 2041 1010 2120 qui
1027 2059 1236 2102 consuevere

153 2123 320 2188 reservari
334 2125 367 2186 in
379 2123 572 2200 Ordinibus,
591 2123 695 2185 habes
712 2123 810 2198 infra,
825 2129 922 2202 parte
934 2142 965 2200 7,
984 2142 1013 2184 c.
1031 2144 1060 2200 3.

192 2209 233 2271 B.
258 2224 304 2269 oe
325 2221 587 2284 Juiusnicrioriu
612 2222 704 2282 Quae
727 2221 772 2267 AD
795 2219 986 2282 irruuntque
1011 2222 1129 2268 Fouuiu
1155 2222 1238 2283 QUA-

153 2307 337 2353 Dsririsuus
355 2303 537 2351 PERTINET.

195 2375 284 2437 418.
303 2377 470 2435 Potestas
496 2371 706 2434 absolvendi
731 2389 752 2432 a
775 2370 949 2434 censuris.
977 2392 1004 2434 1.
1034 2369 1062 2433 A
1085 2371 1239 2432 censuris

153 2474 220 2518 non
246 2453 430 2518 reservatis
445 2460 479 2516 et
495 2453 537 2515 ab
560 2451 714 2515 omnibus
730 2452 873 2515 occultis
889 2472 986 2534 quae,
1004 2453 1158 2534 stipatione
1170 2451 1240 2533 juro

153 2544 314 2616 statutae,
343 2558 409 2601 non
433 2541 614 2600 revocatae
637 2535 705 2598 sint
728 2536 767 2600 C.
792 2535 982 2618 Apostolieae
1005 2535 1107 2615 Sedis,
1126 2537 1240 2598 valent

153 2621 300 2684 Praelati
327 2621 501 2702 regulares
527 2638 587 2703 per
616 2638 651 2681 se
679 2621 732 2682 vel
760 2638 819 2701 per
846 2619 930 2682 alios
956 2619 1134 2682 absolvere
1161 2639 1242 2681 suos

154 2703 317 2766 subditos
338 2704 375 2766 C.
392 2703 485 2767 Trid.
510 2723 538 2766 S.
563 2725 613 2784 24,
639 2721 668 2764 c.
694 2707 723 2782 6,
741 2702 839 2782 Licet,
862 2703 911 2765 De
925 2700 985 2784 rof.
1003 2703 1078 2766 coll.
1099 2722 1176 2766 cum
1202 2701 1242 2766 C.

155 2788 191 2850 S.
207 2786 256 2849 Pii
272 2804 306 2864 v,
323 2786 461 2849 Rouroru'
477 2785 651 2858 Pontificio

196 2870 315 2945 Porr0,
339 2889 380 2930 ex
396 2869 467 2950 ipsa
485 2868 522 2930 C.
539 2868 730 2950 Apostolicoe
744 2867 845 2945 Sedu,
871 2867 987 2931 firmae
1014 2874 1152 2932 manent
1168 2887 1245 2929 cen-

156 2968 256 3010 surae
285 2951 476 3030 pontificiae
505 2970 591 3029 quae
622 2956 679 3032 pro
715 2950 833 3012 interno
868 2950 1016 3032 regimine
1044 2949 1247 3031 quorumlibet

157 3030 311 3093 Ordinum
340 3037 373 3092 et
399 3031 634 3093 Institutorum
661 3032 864 3113 regularium
890 3031 983 3096 latae
999 3039 1088 3102 sunt,
1114 3032 1190 3111 nisi,
1209 3039 1245 3094 ut

157 3118 260 3196 patet,
279 3113 450 3174 contraria
467 3114 707 3176 consuetudine
724 3115 791 3176 sint
808 3113 974 3176 sublatae.

199 3195 296 3277 Quod
322 3194 350 3258 si
376 3195 416 3256 de
439 3194 472 3256 vi
488 3213 630 3274 quaeras
647 3196 743 3258 istius
759 3197 941 3273 clausulae,
967 3198 1055 3258 latae
1078 3202 1244 3276 putantur

159 3297 220 3361 pro
235 3280 369 3341 interno
385 3277 548 3340 Ordinum
566 3277 738 3357 regimine,
756 3278 819 3340 etsi
842 3278 929 3339 forte
945 3280 1094 3358 plectant
1110 3280 1241 3340 secula-

159 3380 225 3440 res,
251 3379 414 3424 censurae
437 3379 523 3440 quae
547 3359 736 3440 diriguntur
762 3361 803 3423 ad
827 3359 1092 3441 promovendum
1119 3361 1245 3422 bonum

159 3445 230 3507 sive
256 3449 367 3506 status
397 3441 543 3524 religiosi
573 3442 644 3504 sive
674 3443 909 3504 Institutorum
938 3442 1146 3522 regularium
1178 3462 1245 3523 qua

161 3528 289 3590 talium.
302 3525 465 3597 Cinpiat,
477 3543 513 3602 ii,
525 3528 595 3602 611,
609 3526 676 3605 qui,
687 3544 719 3606 p.
729 3530 801 3608 614,
811 3544 928 3588 earum
941 3524 1043 3586 tradit
1055 3525 1245 3587 elenchum.

160 3611 340 3672 Permanet
355 3609 455 3671 etiam
471 3607 774 3670 excommunicatio
797 3617 917 3670 contra
940 3607 1173 3670 Missionarios
1190 3627 1248 3669 ne·

161 3694 339 3773 gotiantes.
364 3691 399 3754 S.
417 3690 480 3752 Off.
497 3711 517 3768 4
533 3690 604 3752 dec.
625 3694 714 3768 1872.
732 3689 858 3753 collect.
877 3691 917 3752 P.
930 3689 970 3772 J.
989 3711 1022 3753 n.
1040 3708 1113 3772 354.

203 3797 232 3838 2.
250 3776 278 3838 A
293 3774 444 3836 censuris
460 3794 480 3835 a
491 3774 567 3855 jiire
582 3773 742 3835 reservatis
757 3773 907 3854 Episcopo
931 3774 1046 3835 valent
1071 3773 1152 3835 suos
1169 3771 1248 3833 'sub-

180 3981 198 4043 .¹
210 3978 272 4043 Hoc
282 3978 417 4036 addimus,
430 3979 496 4038 quia
506 3994 538 4027 ex
548 3981 640 4028 Const.
652 3978 719 4040 Quod
729 3981 854 4033 communi.
866 3987 893 4026 30
901 3984 980 4027 mart.
995 3995 1060 4036 1742·
1071 3979 1127 4026 FF.
1137 3979 1244 4042 Capuc·

162 4049 230 4083 cinis
241 4042 316 4083 extra
326 4039 445 4084 claustra
455 4036 624 4096 degentibus,
637 4039 709 4092 licet,
722 4045 796 4085 certa
814 4038 880 4096 lege,
901 4037 978 4084 adire
997 4037 1168 4084 sacerdotem
1188 4050 1247 4083 sive

162 4095 310 4140 secularem
321 4093 504 4152 approbatum
515 4094 550 4142 ab
560 4094 707 4144 Ordinatio
716 4094 778 4150 loci,
796 4094 853 4142 sive
869 4096 1020 4152 regularem
1032 4092 1215 4160 approbatum
1233 4109 1249 4140 o

160 4153 255 4221 proprio
265 4166 306 4196 suo
316 4153 445 4218 Superiore.
459 4153 540 4212 Quod
554 4152 849 4218 confirmatur-recenti
871 4152 978 4200 inlulto
995 4158 1006 4199 5
1019 4154 1089 4210 april
1109 4159 1173 4210 1897,
1192 4165 1249 4211 quo

164 4208 219 4270 ΕΒ.
232 4208 381 4273 Capricorni
399 4224 446 4269 qui
458 4224 521 4258 cum
533 4211 709 4268 Superiorum
725 4213 835 4258 licentia
853 4217 928 4258 extra
946 4211 1067 4257 claustra
1085 4210 1186 4266 degant
1206 4211 1248 4273 vel

164 4264 335 4330 iterfaciant‚
356 4267 408 4316 nisi
430 4275 537 4326 praesto
557 4268 623 4327 ipsis
641 4269 694 4316 sint
714 4268 768 4315 duo
786 4269 882 4315 saltem
893 4268 935 4315 sui
949 4267 1062 4315 Ordinis
1073 4267 1249 4318 confessarii,

163 4323 239 4370 adire
251 4331 352 4389 possint
362 4324 513 4384 quemlibet
523 4326 700 4383 sacerdotem,
713 4328 757 4372 rite
765 4327 925 4384 opprobrium,
938 4325 974 4372 ab
986 4339 1081 4384 eoque,
1095 4324 1156 4372 sine
1167 4338 1251 4389 onere

164 4387 258 4440 postea
275 4396 303 4446 se
314 4383 425 4430 sistendi
437 4397 529 4430 coram
541 4384 695 4444 Superiore.
713 4383 817 4431 absolvi
834 4384 917 4432 etiarn
934 4399 951 4431 a
962 4383 1073 4432 casibus
1094 4382 1123 4431 in
1147 4381 1253 4436 ordine

164 4446 307 4488 reservatis
322 4444 349 4487 et
359 4440 588 4501 consequentibus
599 4442 730 4492 censuris.
742 4442 873 4500 Montium,
885 4455 912 4501 x,
927 4459 948 4499 i,
961 4456 987 4502 p.
1005 4446 1041 4490 ⁵0.
1056 4447 1093 4489 51.

1319 1636 1435 1686 Facultas

1292 1693 1428 1744 reservandi

1291 1769 1368 1804 casus.

1332 2397 1458 2448 Absolutis

1297 2475 1310 2507 o
1325 2459 1431 2506 censuris

1298 2532 1346 2566 non
1355 2528 1459 2562 instruu-

1299 2578 1331 2622 ir's
1342 2574 1376 2622 vel
1385 2571 1462 2620 orcul-

1300 2636 1331 2680 ir's
1358 2632 1461 2690 superio-

1300 2693 1336 2739 ris
1342 2690 1417 2750 juris.

1331 2885 1452 2946 Quaenam
1481 2905 1483 2909 v

1301 2944 1436 3004 maturarint

1301 3013 1410 3049 censurae
1427 3008 1462 3055 ru·

1303 3061 1337 3107 ris
1363 3056 1463 3117 sirprrr'o-

1303 3116 1358 3163 ris?

1329 3790 1350 3836 Α
1363 3787 1466 3835 censuris

1309 3845 1434 3897 reservatis

1311 3906 1439 3966 Epi'scopm
