3148 5004
165 449 340 530 [ΠΒ-122]
561 414 682 508 maim
698 411 877 501 rosrcrmnrr
1216 444 1255 506 ’13

164 625 286 668 causae
298 624 384 686 quae
399 603 500 666 laedit
511 602 568 684 jus
583 601 770 682 quaesitum
783 600 935 664 Instituti
952 601 1042 682 quod
1054 599 1087 662 in
1105 600 1141 663 S.
1160 599 1255 664 Sedis
1302 666 1304 670 ,

162 697 334 772 receptum
349 693 400 748 est
416 687 570 763 tutelam,
594 691 628 747 et
651 684 813 747 indirecte
829 683 961 746 eruitur
984 704 1025 746 ex
1048 682 1088 747 C.
1106 681 1256 747 Conditor
1303 724 1305 728 -
1406 718 1409 722 ·

160 793 180 833 a
195 771 331 834 Christo.
347 771 408 854 Jus
425 769 514 832 enim
531 767 620 849 quod
644 772 860 829 concesserat
883 766 917 829 in
933 767 1050 829 domos
1066 765 1256 831 sodalitatis
1276 845 1280 849 Ι
1380 809 1384 815 -

161 853 381 917 dioecesanae
405 871 471 913 non
491 854 563 932 jam
590 857 754 912 memorat
778 849 866 911 inter
889 869 930 911 ea
945 869 1032 928 quae
1054 868 1084 913 c.
1108 870 1139 922 2,
1164 868 1199 910 n.
1216 865 1256 910 111

152 935 242 1013 ⁴dicit
266 936 308 997 ab
334 935 502 1018 Episcopo
529 932 601 995 fieri
627 951 726 1014 posse
749 932 837 1013 quod
864 933 906 994 ad
928 932 1090 995 Instituta
1113 950 1256 1012 quorum

164 1018 199 1082 S.
218 1020 322 1083 Sedes
338 1020 459 1080 saltem
473 1018 566 1097 leges
579 1015 790 1096 recognovit.

202 1127 288 1183 120.
310 1121 345 1179 In
365 1122 487 1178 historia
497 1120 573 1195 juris
588 1120 702 1176 illustre
717 1130 760 1176 est
773 1119 926 1177 decretum
941 1118 1109 1176 innocentii
1132 1135 1162 1186 x,
1184 1135 1254 1192 quo,

157 1207 198 1262 ad
220 1205 444 1264 instaurandam
473 1204 640 1277 regularem
663 1203 862 1276 disciplinam,
887 1203 983 1276 prima
1009 1202 1112 1260 Const.
1137 1198 1255 1260 [ristun-

159 1289 283 1364 randae‚
298 1294 368 1351 idib.
381 1291 493 1349 octobr.
510 1291 589 1365 1652,
604 1291 732 1347 emedio
748 1292 814 1348 tulit
829 1292 941 1348 multos
955 1291 1078 1364 exiguos
1090 1301 1256 1348 conventus

1338 1140 1445 1188 Abolirio

1304 1197 1373 1259 facta
1384 1199 1413 1245 ab
1424 1198 1467 1245 In-

1309 1259 1414 1304 nocentio
1429 1269 1455 1302 x.

159 1379 289 1450 impares
298 1377 406 1434 alendo
416 1393 451 1432 eo
461 1375 667 1448 religiosorum
680 1392 806 1431 numero
816 1375 867 1448 qui
879 1376 1008 1432 tuendae
1019 1375 1145 1448 regulari
1157 1374 1255 1431 obser·
1300 1431 1303 1435 ,
1347 1421 1348 1426 ,

151 1463 278 1519 vantiae
302 1463 451 1519 videretur
476 1461 558 1516 satis.
585 1459 726 1516 Precibus
759 1469 861 1516 tamen
887 1470 1058 1517 commotus
1090 1459 1254 1534 multorum

157 1546 361 1620 Superiorum,
376 1563 481 1618 passus
495 1543 623 1600 subinde
635 1554 679 1600 est
693 1561 743 1599 eos
758 1545 925 1600 conservari
941 1554 1108 1600 conventus
1122 1543 1255 1616 quivere
1300 1546 1303 1599 i

152 1630 246 1686 ‚utiles
260 1631 419 1686 existimati
431 1639 539 1686 essent.
551 1626 664 1686 Verum
678 1627 712 1685 C.
724 1623 763 1687 Ut
772 1624 806 1686 in
812 1625 926 1706 parvis,
938 1644 971 1685 10
981 1625 1052 1684 febr.
1063 1627 1140 1702 1654,
1149 1628 1255 1700 plenae

103 1749 113 1766 .
152 1711 384 1770 Ordinatiorum
396 1711 595 1786 jurisdictioni
608 1711 753 1768 obnoxios
768 1708 835 1768 lecit
850 1721 1016 1768 conventus
1035 1712 1066 1767 in
1081 1711 1190 1784 quibus
1202 1729 1255 1768 sex

159 1794 320 1852 minimum
344 1794 486 1866 Religiosi
510 1812 571 1850 non
595 1795 753 1852 alerentur.
775 1795 825 1852 Ad
835 1796 952 1853 decreta
965 1797 1021 1852 ista
1033 1795 1253 1870 plnresdeinde
1283 1819 1285 1824 ’
1319 1818 1325 1822 ·

159 1894 310 1934 accessere
322 1875 536 1933 declarationes
551 1879 688 1948 specialis
700 1879 948 1952 Congregationis
962 1877 1179 1937 Cardinalium.

195 1959 280 2018 Haec
304 1959 369 2018 fuse
391 1969 584 2032 exponuntur
606 1962 685 2034 apud
711 1963 858 2036 Fagnani,
883 1965 913 2020 in
933 1963 967 2022 C.
989 1965 1141 2031 Relatum,
1162 1981 1189 2038 7,
1206 1957 1254 2022 Ne

159 2041 260 2104 elerici
278 2040 323 2103 vel
336 2038 476 2102 monachi
491 2041 547 2115 (ιιι.
562 2045 608 2118 50)
628 2061 659 2101 n.
674 2062 708 2117 41
732 2064 777 2118 sq.
800 2048 846 2103 vel
871 2049 951 2121 apud
972 2047 1113 2116 Ferraria,
1130 2065 1159 2105 v.
1174 2042 1253 2105 Con·
1297 2035 1302 2088 Ῐ
1404 2095 1407 2103 ,

158 2131 269 2195 ventus,
284 2139 328 2184 art
352 2145 388 2198 23
405 2145 526 2184 summa
542 2127 667 2183 habetur
680 2130 758 2200 apud
773 2129 888 2200 Lucidi,
901 2149 934 2201 11,
949 2149 974 2188 c.
986 2149 1014 2204 4,
1029 2150 1060 2189 n.
1071 2132 1107 2205 46
1117 2149 1162 2204 sq.

204 2225 290 2289 121.
308 2227 469 2304 Quaeres
483 2223 559 2304 quid
581 2223 720 2287 debonis
741 2226 906 2290 exstinctae
929 2228 1038 2292 domus
1051 2230 1085 2295 Ρ.

199 2306 366 2387 Imprimis
394 2307 676 2370 considerandum
699 2313 751 2369 est
774 2308 956 2390 Indultum,
985 2313 1012 2374 si
1036 2313 1124 2392 quod
1151 2312 1252 2376 fuerit

159 2387 391 2470 impetratum.

197 2469 347 2533 Tacente
374 2470 515 2546 indult0,
541 2470 684 2552 Religio,
714 2470 851 2534 dominii
884 2493 1004 2555 capax,
1031 2475 1149 2539 domus
1172 2498 1192 2539 a
1215 2496 1250 2540 se

1335 2258 1465 2306 Cu'usnam

1297 2309 1354 2382 ,sint
1364 2274 1434 2372 iona.

152 2551 336 2631 derelictae
364 2553 487 2615 retinet
510 2551 621 2616 bona:
646 2574 723 2616 cum
740 2573 780 2616 ea
796 2574 882 2634 quae
898 2557 1042 2639 propriis
1067 2560 1250 2641 Religionis
1340 2625 1342 2629 ,

156 2634 341 2697 redditibus
357 2655 416 2697 seu
439 2637 663 2718 eleemosynis
679 2636 746 2706 sa'nt
762 2645 969 2719 comparata,
989 2646 1060 2702 tum
1081 2642 1148 2714 alia
1163 2662 1250 2722 quae

156 2718 228 2780 sine
245 2716 463 2798 stipulatione
479 2719 643 2800 peculiari
661 2721 868 2783 concesserit
884 2728 1061 2803 patronus.

198 2799 334 2882 Quodsi
348 2819 503 2862 unacum
522 2802 619 2864 domo
636 2802 773 2883 perierit
790 2803 900 2882 ipsum
912 2805 1122 2885 Institutum,
1140 2805 1250 2889 dispo-

157 2881 234 2944 sitio
249 2882 417 2945 bonorum
435 2882 675 2964 pertinebitad
692 2884 727 2947 S.
746 2885 879 2950 Sedens.

561 3237 757 3319 CAPUT
787 3241 848 3319 IV

243 3435 295 3503 ult
318 3438 422 3505 June
446 3439 698 3506 POS'l'Lllllllll
722 3440 799 3506 SEU
823 3441 1158 3509 RECUPERANDAE

532 3552 647 3634 sams
684 3553 863 3620 Amissae

197 3733 282 3798 122.
303 3757 330 3798 1.
348 3733 384 3796 Si
399 3735 574 3815 regulares
591 3735 700 3798 redire
715 3735 821 3797 velint
844 3735 886 3796 ad
902 3736 1147 3798 monasterium
1165 3741 1245 3800 ante

151 3814 195 3876 ab
211 3813 291 3896 ipsis
314 3836 518 3897 possessum,
532 3818 820 3881 considerandum
832 3825 896 3894 est,
910 3823 1025 3880 utrum
1043 3837 1148 3880 necne
1164 3838 1245 3881 con-

151 3901 365 3961 servaverint
387 3899 443 3981 jus
470 3900 645 3963 habitandi
673 3921 749 3963 curn
776 3899 970 3981 privilegiis.
1001 3900 1119 3962 Priore
1148 3921 1242 3980 casu,

151 3981 244 4043 nulla
259 3981 408 4061 indigent
423 3983 537 4061 venia;
556 3982 619 4045 nist
636 3983 723 4046 forte
739 3983 934 4046 monialium
958 3983 1111 4045 condicio
1136 3985 1243 4064 speci-

149 4061 224 4139 alis,
257 4063 453 4126 nominatim
484 4066 695 4128 restituenda
728 4069 887 4128 clausura
918 4066 1060 4148 papalis,
1094 4066 1242 4147 postulet

149 4144 186 4207 S.
222 4145 318 4208 Sedis
347 4146 574 4210 interventum
613 4148 636 4211 ¹.
675 4150 804 4227 Alter0,
843 4155 959 4211 omnes
998 4147 1243 4212 sollemnitates

149 4246 270 4290 rursus
283 4229 515 4291 observandae
533 4236 626 4294 sunt.

156 4365 317 4377 ——u-

181 4432 274 4482 lanae.
289 4433 317 4485 J.
329 4434 362 4482 P.
373 4447 394 4482 s.
408 4441 430 4490 3,
442 4434 494 4482 col.
507 4446 604 4492 97·100;
619 4433 692 4492 Pial,
705 4437 724 4482 t.
738 4451 760 4491 2,
773 4448 801 4494 Ρ.
814 4439 866 4483 28³.

1300 3763 1450 3822 Principium
