3142 5004
331 458 391 522 l'll
614 479 681 517 raes
696 479 817 528 quaeri.
832 447 930 516 suerio
945 480 985 518 iii.
1002 479 1093 524 caeur
1107 479 1127 516 ii

334 635 442 699 parva
455 622 557 698 atque
573 615 605 679 in
619 635 753 698 magna,
768 615 800 678 in
817 616 972 697 delegato
988 622 1088 698 atque
1101 614 1135 678 in
1151 611 1334 696 Superiore
1346 612 1418 700 ipso

337 698 578 764 contemnitur.
596 699 666 764 Cl'r.
684 700 774 762 dicta
789 699 829 762 de
846 706 1041 782 contemptu
1058 700 1207 780 regulae,
1226 717 1259 764 ii.
1277 713 1352 778 232.
1398 715 1399 720 ¹

376 785 394 862 3
426 782 490 865 Qui
502 780 597 845 violat
607 786 800 864 praeceptum
816 782 1007 864 Superioris
1020 782 1173 862 obligans
1186 780 1250 844 sub
1266 789 1417 863 peccato,

334 863 418 942 sive,
436 873 473 928 ut
489 864 694 942 dicebamus,
711 867 829 945 regula
854 883 1062 948 expressum,
1080 865 1152 938 sive
1175 883 1264 938 nunc
1288 865 1417 928 datum.

373 949 419 1012 N.
436 948 478 1011 Β.
496 949 525 1010 Α
541 948 708 1012 mandatis
722 947 953 1030 Superiorum,
972 967 1039 1011 non
1057 953 1167 1031 potest
1188 945 1275 1028 quis,
1300 948 1418 1010 saltem

334 1028 366 1092 in
383 1029 517 1094 casibus
543 1029 734 1107 ordinariis,
758 1032 928 1112 appellare
956 1031 997 1094 ad
1021 1031 1217 1098 Praelatuni
1244 1029 1418 1114 majorem,

334 1112 381 1174 ita
393 1120 430 1175 ut
443 1113 573 1176 interea
585 1112 743 1176 immunis
755 1126 798 1176 sit
810 1113 1015 1194 obligatione
1029 1111 1244 1194 exsequendi.
1255 1113 1416 1182 Recursus,

333 1213 393 1258 seu
409 1195 592 1290 impropria
604 1197 794 1289 appellatio,
806 1201 1164 1288 semperperniittitut.
1174 1193 1418 1274 Cfr.Palniieri‚

137 1364 187 1434 „Di
209 1363 279 1432 itali·
338 1277 1088 1428 1833aeletiplgpgpttpndeggpplptizomm
1122 1361 1330 1426 obedientiae
1367 1367 1419 1422 est

117 1421 280 1540 ἕζζζξξζμξέῗ
335 1445 527 1506 necessario
541 1441 751 1526 sacrilegiam.

121 1541 257 1586 triviam.
376 1548 406 1590 2.
424 1527 635 1589 Adversatur
661 1537 839 1609 praeteria
854 1525 972 1590 virtuti
988 1525 1176 1590 biiiiii'li'tati's
1191 1545 1276 1606 quae
1299 1525 1422 1590 colitur

336 1609 530 1674 obedientia·
543 1608 711 1690 religiosa.
729 1609 825 1704 Quod
849 1609 1074 1674 confirmatur
1089 1609 1179 1674 dicto
1196 1609 1231 1672 S.
1259 1607 1422 1690 Alpbonsi

334 1693 357 1755 l.
375 1694 465 1773 4(5),
483 1711 516 1754 n.
534 1697 585 1774 46,
604 1712 680 1754 cuin
697 1691 842 1754 affirmet
859 1692 992 1775 peccari
1009 1692 1109 1758 simul
1125 1701 1246 1754 contra
1261 1694 1422 1756 virtutem

335 1773 557 1836 obedientiae.
576 1775 669 1836 Haec
696 1774 785 1838 enim
810 1795 878 1838 non
901 1782 952 1837 est
972 1773 1138 1860 specialis,
1163 1774 1221 1838 sed
1245 1794 1281 1840 re
1306 1775 1421 1836 eadem

338 1866 438 1936 atque
454 1857 639 1920 humilitas.

377 1939 540 2022 Quamvis
563 1939 789 2004 inobedientia
811 1939 957 2003 violetur
980 1940 1097 2004 foedus
1121 1940 1287 2020 quoddam
1304 1938 1424 2004 initum

337 2041 412 2084 cuin
437 2022 597 2103 religione
620 2029 653 2085 et
676 2025 839 2104 praelato,
865 2043 969 2088 eausa
992 2023 1150 2104 religiosa
1167 2024 1262 2086 istius
1279 2023 1369 2105 pacti
1393 2021 1424 2084 id

337 2104 438 2168 efficit
455 2112 491 2167 ut
507 2108 591 2168 haec
608 2105 735 2168 malitia
751 2105 784 2168 in
807 2104 953 2188 priorem
970 2114 1091 2170 contra
1114 2106 1324 2188 Religionem
1341 2105 1424 2168 reei-

300 2201 302 2207 ·
337 2189 394 2250 dat
420 2194 522 2269 atque
549 2189 760 2252 existimetur
785 2185 827 2252 ab
853 2208 894 2250 ea
920 2209 987 2252 non
1014 2188 1158 2268 differre.
1190 2190 1259 2253 Ct'r.
1283 2189 1423 2265 Suariz,

338 2278 363 2334 t.
384 2292 431 2348 ιο,
449 2275 471 2333 l.
489 2295 520 2354 4,
538 2290 567 2334 c.
589 2293 636 2348 12,
654 2291 688 2332 n.
704 2291 740 2354 43
758 2270 926 2350 Palmieri,
945 2272 966 2335 l.
985 2291 1014 2336 c.
1033 2292 1067 2334 n.
1089 2276 1158 2352 165.
1179 2277 1247 2336 166.

268 2415 272 2425 ,
318 2419 320 2424 ,
379 2375 410 2433 3.
427 2355 493 2416 Per
515 2360 745 2435 contemptum
768 2353 944 2418 formalem
960 2353 1122 2432 Praelati,
1140 2354 1369 2418 committetur
1391 2351 1425 2414 in

262 2435 278 2501 .,’
337 2434 495 2518 specialem
511 2435 720 2499 obedientiae
736 2437 909 2502 virtutem.

379 2541 409 2599 4.
442 2518 476 2580 Si
508 2527 724 2600 praeceptum
754 2519 886 2585 oriatur
916 2540 958 2584 ex
985 2527 1155 2603 potestate
1181 2516 1423 2600 jurisdictionis,

339 2619 372 2663 v.
397 2619 448 2680 gr.
473 2601 500 2663 si
530 2610 738 2682 proponatur
761 2622 820 2686 per
849 2604 1012 2686 regulam,
1037 2603 1187 2666 accessio
1209 2601 1247 2663 fit
1276 2597 1425 2664 malitiae

340 2695 460 2745 contra
489 2684 650 2746 virtutem
673 2683 706 2746 in
730 2685 826 2768 cujus
849 2685 990 2748 materia
1013 2695 1232 2768 praeceptum
1254 2689 1424 2745 versetur.

381 2764 551 2828 Observes
573 2776 704 2846 tamen,¹
720 2787 761 2832 eo
783 2769 872 2848 quod
894 2770 1072 2832 Praelatus
1088 2765 1274 2850 praecipiat
1288 2763 1343 2828 siib
1359 2785 1426 2826 ceri-

340 2867 424 2926 sarci,
449 2868 517 2911 non
541 2849 702 2911 continuo
725 2851 837 2932 colligi
860 2871 958 2934 posse
981 2869 1017 2912 se
1040 2851 1072 2913 in
1093 2847 1312 2934 praecipiendo
1328 2867 1427 2911 usum

340 2950 415 2992 esse
437 2931 684 3014 jurisdictione.
701 2933 801 2996 Valet
818 2933 906 2998 enim
933 2936 1125 3017 praecipere
1153 2952 1195 2994 ex
1220 2930 1427 2995 dominativa

341 3022 509 3095 potestate
526 3020 558 3077 et
575 3016 623 3078 uti
635 3015 869 3098 jurisdictione
886 3018 1051 3079 duntaxat
1067 3017 1109 3079 ad
1125 3015 1312 3080 addendam
1329 3033 1427 3076 sanc-

272 3174 277 3182 ¹
343 3098 469 3160 tionem
485 3116 661 3162 censurae.
678 3091 749 3162 clr.
767 3099 908 3178 Suarez,
926 3107 970 3162 tr.
989 3120 1018 3181 7,
1038 3101 1059 3162 l.
1082 3121 1130 3178 10,
1149 3117 1179 3162 c.
1199 3119 1228 3180 7,
1247 3119 1280 3162 n.
1299 3102 1329 3160 6.

156 3183 281 3262 cilenia}
376 3190 466 3250 300.
482 3193 660 3263 Quaeres,
676 3207 773 3250 nonne
788 3193 953 3270 praestaret
958 3187 1149 3269 sreqiaaitus
1160 3193 1279 3252 reatum
1292 3185 1428 3250 indiam

121 3253 286 3322 P'Wa'sn'
336 3268 462 3352 peccati,
482 3291 521 3332 ne
539 3273 694 3348 religiosus
712 3284 812 3332 careat
830 3276 937 3333 merito
956 3274 1036 3332 voti?

126 3311 288 3376 quenterpr‘ae·
478 3360 516 3372 ,,
675 3361 681 3370 ,
865 3361 871 3371 ,
1175 3361 1209 3373 Η
1268 3361 1272 3371 ¹
1396 3359 1427 3371 Ι,

126 3377 198 3436 aperi
216 3371 258 3420 sut
376 3355 418 3419 R.
442 3359 579 3430 Minime.
594 3359 735 3418 Etenim:
762 3377 787 3418 1.
808 3360 872 3418 Etsi
894 3370 998 3419 votum
1022 3379 1083 3418 non
1105 3370 1224 3435 respicit
1245 3361 1354 3419 directe
1372 3377 1428 3418 nisi

133 927 276 986 churcap·

116 983 260 1046 pellatiom's.

122 3429 235 3494 dmm?
275 3483 280 3513 r
341 3455 532 3518 praeceptum
547 3444 683 3518 obligaris
701 3439 756 3524 sub
770 3445 897 3522 peccato,
912 3445 977 3502 sine
991 3445 1111 3517 negotio
1126 3456 1238 3516 tamen,
1253 3445 1344 3502 etiam
1359 3461 1429 3502 cum

250 3543 251 3550 ¹
276 3543 294 3602 ’ῃ
341 3525 481 3602 Superior
498 3529 597 3588 stricte
616 3547 677 3586 non
688 3528 775 3606 jubet
793 3546 829 3586 ex
843 3541 922 3600 voto,
944 3529 1100 3606 religiosus
1119 3530 1185 3600 sibi,
1208 3547 1245 3589 ex
1264 3530 1430 3589 intentione

340 3631 400 3686 qua
415 3625 561 3683 movetur,
576 3624 731 3686 comparat
744 3614 884 3671 meritum
905 3609 1073 3692 religionis.
1089 3613 1181 3688 quue
1194 3632 1230 3673 eo
1239 3612 1356 3673 facilius
1370 3634 1431 3689 quo

341 3697 438 3769 magis
451 3697 534 3753 novit
546 3714 578 3752 se
588 3713 711 3753 omnem
723 3696 817 3753 vitain
832 3696 870 3753 ad
883 3696 998 3753 cultum
1007 3696 1145 3754 divinum
1156 3697 1319 3756 ordinasse.

375 3797 403 3837 2.
424 3779 530 3854 Neque
550 3781 666 3840 exsulat
685 3797 776 3852 omne
796 3780 936 3837 meritum
950 3779 1011 3837 voti
1030 3781 1242 3856 reduplicative
1262 3780 1339 3850 talis,
1359 3794 1429 3835 cum

343 3875 446 3920 votum
469 3881 560 3921 causa
579 3863 617 3921 sit
635 3875 751 3930 remota
769 3875 854 3921 actus
872 3880 962 3937 quem
982 3881 1064 3922 nunc
1082 3861 1163 3935 sicit,
1184 3874 1214 3922 et
1233 3865 1261 3921 in
1283 3864 1334 3920 illo
1349 3879 1431 3936 pera·

342 3947 440 4021 gendo
459 3949 543 4022 quasi
563 3949 651 4007 tacite
670 3960 774 4006 votum
794 3958 937 4023 agnoscat
956 3947 1171 4008 iet-confirmet.

376 4047 404 4106 3.
426 4029 695 4105 Dum·Superioris
714 4033 872 4108 praevertit
891 4045 1057 4106 praecepta,
1073 4032 1229 4106 religiosus
1251 4029 1448 4107 perfectioris¹

341 4109 526 4176 humilitatis
541 4117 596 4174 sibi
609 4129 763 4190 comparat
773 4117 903 4187 laudem,
919 4116 1053 4174 imitatus
1067 4117 1220 4176 Christum
1234 4119 1285 4192 qui
1300 4134 1335 4175 ex
1349 4131 1432 4174 mero

341 4201 529 4275 beneplacito
549 4202 645 4260 Patris
664 4211 791 4260 mortem
812 4201 907 4259 crucis
925 4212 969 4258 est
988 4217 1154 4276 perpessus.

376 4305 404 4361 4.
429 4286 532 4361 Ipsum
547 4288 769 4364 beneplacitum
791 4285 966 4360 Superioris,
981 4287 1005 4342 si
1018 4288 1221 4346 consideretur
1234 4297 1266 4346 ut
1281 4283 1432 4345 inchoatio

345 4374 504 4450 praecepti,
525 4374 634 4448 expleri
655 4381 752 4446 potest
768 4389 805 4430 ex
824 4368 940 4428 formali
961 4371 1126 4431 intentione
1144 4373 1341 4432 obedientiae.

378 4472 404 4534 5.
420 4455 569 4531 Denique,
590 4454 759 4530 frequentes
770 4453 920 4533 jussiones
939 4471 975 4512 ex
988 4454 1096 4515 virtute
1109 4455 1140 4516 S.
1155 4455 1351 4516 Obedientiae
1370 4473 1432 4514 non
