3148 5004
316 458 354 520 Vl
594 533 596 538 Ι
751 482 906 518 Praesumo

315 647 394 710 anni
409 648 519 732 spatio
531 649 614 712 satis
627 647 802 711 commode
814 650 963 732 praelegi
976 651 1097 734 possit.
1111 643 1277 718 Brevitati
1291 657 1404 738 itaque

315 782 492 844 consulere
507 779 658 865 oportuit
674 787 777 862 atque
792 781 835 843 ab
852 789 1054 846 excurrente
1070 790 1211 866 parcere
1227 787 1402 852 oratione:

314 911 402 992 quod
417 917 533 975 tamen
549 911 596 974 ita
611 918 788 993 praestare
805 912 917 974 conati
934 897 1063 992 sumus,
1080 921 1117 977 ut
1133 914 1217 978 nihil
1233 916 1403 982 omittere-

313 1061 388 1104 mus
403 1042 546 1124 alicujus
563 1043 725 1106 momenti
742 1041 831 1122 quod
847 1043 890 1104 ad
906 1062 1004 1106 usum
1028 1044 1225 1126 pertineret,
1244 1023 1326 1111 nihil
1341 1046 1404 1116 nisi

313 1172 383 1236 suis
398 1173 606 1255 argumentis
622 1172 858 1236 confirmatum
875 1173 1085 1238 afferremus
1232 1154 1234 1161 ¹

353 1307 393 1369 In
418 1326 484 1388 qua
512 1325 560 1386 re,
588 1312 745 1368 neutram
777 1306 933 1388 refugere
959 1307 1126 1371 voluimus
1157 1310 1401 1391 difficultatem,

288 1406 413 1521 quam
436 1439 615 1521 quominus
639 1438 843 1502 articulatim
867 1445 901 1502 et
923 1439 1080 1502 distincte
1100 1441 1289 1525 scribamus
1313 1445 1403 1526 parit

311 1569 391 1632 hinc
405 1574 700 1632 monumentorum
716 1571 820 1632 moles
837 1569 846 1597 ¹
864 1589 1089 1652 crescensque
1105 1591 1181 1636 curn
1197 1573 1402 1656 scriptorum

311 1699 501 1780 frequentia
513 1702 760 1764 sententiarum
776 1701 968 1785 disparitas,
983 1703 1162 1783 quominus
1174 1724 1256 1768 vero
1268 1684 1403 1770 definite
1467 1701 1468 1704 '

311 1810 373 1892 nec
388 1819 504 1894 tamen
520 1831 655 1895 incaute
679 1811 850 1897 solvamus
875 1833 987 1912 dubia,
1012 1833 1101 1899 illinc
1118 1855 1237 1899 rursus
1254 1819 1402 1902 auctoriss

310 1967 419 2025 tatum
436 1942 577 2045 penuria
591 1963 711 2046 gignitss

351 2094 402 2158 Ad
417 2095 597 2160 voluminis
614 2098 754 2179 calcem,
771 2118 831 2182 per
854 2099 968 2182 plures
987 2097 1130 2178 Indicae,
1149 2105 1283 2181 praeter
1299 2098 1401 2183 expli·

311 2227 516 2293 catissimam
538 2249 653 2293 rerum
678 2230 865 2308 Summam,
892 2251 992 2312 quam
1016 2231 1070 2293 hic
1087 2231 1203 2295 statim
1225 2229 1343 2294 damus
1367 2230 1400 2293 in

312 2372 420 2452 initi0,
439 2381 490 2436 est
505 2374 672 2436 utentium
689 2376 873 2439 commodis
889 2382 1121 2458 prospectum.
1135 2379 1138 2386 '

351 2501 438 2584 Quia
468 2508 581 2564 tamen
615 2503 655 2564 de
690 2502 902 2583 quibusdam·
924 2505 1113 2586 praecipuis
1142 2503 1399 2584 quaestionibus

307 2629 410 2712 paulo
423 2630 593 2712 copiosius
606 2631 773 2694 disserere
785 2632 925 2714 placuit,
939 2630 1191 2693 lucubrationes
1204 2630 1288 2692 istas
1300 2631 1398 2692 alteri

308 2736 544 2844 deputavimus
563 2759 678 2842 'tom0,
709 2762 765 2845 qui
796 2763 894 2827 simul
925 2763 1100 2846 potissima
1130 2761 1282 2850 continet
1311 2763 1399 2845 juris

308 2892 492 2975 diplomata
514 2913 601 2976 quae
625 2895 725 2958 hodie
749 2915 813 2959 usu
837 2895 989 2958 veniunt.

329 2999 334 3006 ⁸
348 3027 446 3109 Quod
462 3027 676 3116 aliquatenus
693 3028 790 3092 cedat
805 3029 839 3092 in
855 3029 988 3091 laudern
1004 3028 1068 3092 Dei
1080 3029 1255 3114 Ipsiusque
1271 3031 1400 3094 electae

306 3155 435 3220 subolis
457 3156 633 3242 spirituale
657 3161 945 3224 emolumentum!

335 3457 344 3492 1
363 3456 461 3518 Neque
478 3457 546 3506 illud
561 3439 791 3507 dissimulandum
807 3461 856 3515 est,
869 3457 898 3506 in
916 3456 982 3517 ipsis
997 3453 1112 3516 privatis
1132 3446 1309 3498 collectaneis
1326 3461 1398 3508 quae

304 3547 434 3600 magnum
443 3539 546 3589 habent
556 3555 637 3590 usum
647 3554 703 3589 non
713 3554 776 3589 raro
786 3555 847 3588 earn
858 3537 1007 3588 desiderari
1023 3531 1194 3594 diligentiam
1204 3545 1281 3594 quae
1293 3532 1399 3592 pericu·

304 3621 362 3684 lum
372 3623 481 3687 errandi
490 3629 668 3672 summoveat.
679 3623 760 3685 Quod
769 3611 800 3671 ut
808 3621 904 3682 paucis
913 3619 1086 3667 inlustremus
1096 3617 1236 3677 exemplis,
1249 3622 1357 3679 praeter
1365 3629 1399 3666 ea

305 3713 377 3763 quae
389 3701 507 3761 anobis,
519 3717 538 3764 p
560 3712 598 3762 67,
610 3709 676 3754 nota
689 3722 699 3752 1
707 3718 714 3762 ;
726 3719 753 3766 p.
767 3712 804 3760 86,
817 3708 881 3750 nota
891 3719 904 3750 2
911 3715 918 3758 ;
935 3713 963 3761 p.
977 3705 1027 3758 148,
1039 3703 1104 3748 nota
1114 3717 1137 3758 a,
1153 3705 1217 3748 sunt
1227 3699 1357 3757 indicata,
1369 3693 1398 3748 in

304 3783 479 3833 Bibliotheca
490 3785 623 3844 Ferraria,
635 3787 665 3836 vl
675 3788 817 3841 Conventus,
829 3788 880 3832 art.
894 3801 916 3839 2,
929 3797 956 3830 n.
970 3789 1007 3840 37,
1020 3781 1090 3830 inter
1101 3780 1265 3839 additiones,
1278 3780 1396 3841 Religio·

299 3882 398 3918 vsorum
408 3880 539 3930 numerus
550 3871 597 3932 qui
615 3873 651 3920 ad
662 3869 862 3931 exemptionem
878 3865 1063 3927 requireretur
1078 3865 1196 3925 scriptus
1211 3869 1252 3913 est
1261 3863 1395 3921 senarius,

302 3951 354 4014 pro
363 3951 545 4009 duodenario;
554 3967 580 4002 v.
590 3959 682 4002 autern
692 3955 826 4009 Alienatio,
835 3955 886 3999 art.
897 3969 920 4008 4,
931 3949 959 3996 in
967 3948 1110 3997 referendo
1118 3946 1227 3996 decreto
1236 3946 1270 3994 de
1278 3945 1397 4006 pecunia

303 4049 373 4097 quae
381 4034 588 4096 aRegularibus
596 4035 751 4096 accipiatur
760 4039 864 4090 mutua,
872 4031 973 4080 omissa
981 4035 1045 4103 sunt
1052 4027 1137 4101 verba
1145 4027 1396 4104 quibusdecreturn

302 4115 539 4167 circumscribitur
556 4117 735 4179 pactionibus
751 4131 824 4180 quae
840 4115 910 4165 fiunt
929 4129 992 4164 curn
1012 4112 1170 4174 hypotheca
1189 4110 1325 4161 bonorum
1347 4115 1395 4160 aut

302 4187 366 4248 dato
375 4199 498 4261 pignore.
508 4201 574 4261 (Cir.
586 4201 770 4262 Supplemmtum
780 4213 798 4248 x
808 4197 921 4248 alterius
932 4194 1020 4256 torni.)
1033 4196 1088 4259 Qui
1099 4209 1176 4245 error
1186 4194 1264 4256 prius
1275 4193 1396 4243 occurrit

301 4282 376 4343 apud
386 4283 418 4332 C.
431 4283 523 4341 Petra,
536 4288 555 4332 t.
567 4303 591 4342 4,
604 4285 633 4333 C.
646 4291 660 4332 6
676 4281 821 4332 Benedicti
836 4295 884 4338 x11,
901 4295 929 4330 n.
948 4285 986 4330 25.
1004 4279 1104 4328 Evenit
1118 4278 1201 4328 etiam
1216 4286 1247 4325 ut
1262 4274 1394 4336 permixte

300 4380 317 4416 a
337 4365 531 4417 collectoribus
550 4371 689 4430 ponantur
702 4380 743 4416 ea
768 4379 840 4427 quae
860 4363 916 4414 vim
940 4363 1044 4413 habent
1069 4361 1252 4412 universalem
1272 4365 1299 4410 et
1324 4371 1395 4420 quae
1448 4371 1451 4376 ·

301 4449 417 4511 alicujus
428 4449 553 4501 instituti
562 4447 605 4500 vel
616 4445 744 4512 regionis,
757 4445 857 4510 utputa
869 4446 975 4506 Italiae,
988 4451 1052 4496 sunt
1062 4443 1183 4508 propria.
