3134 5016
1189 385 1196 420 ι

529 463 755 500 SUPPLEMRNTUM
771 463 839 499 HUIC
856 453 900 499 lelli
912 461 1050 498 vomitum
1065 461 1249 498 INSERENDUM

386 597 421 658 Id
437 578 716 680 severd'exig'liur
730 586 818 682 qiiod
834 603 876 665 ad
886 597 1023 683 primitia
1039 602 1093 676 vel
1109 586 1246 664 unicum
1259 583 1440 683 prpbatio-

345 694 396 756 nis
408 714 545 758 annum.
563 697 595 758 Is
607 697 695 759 enim
710 697 828 782 integer
842 706 875 762 et
891 699 1059 782 continuas⁸
1068 698 1251 781 requiritur
1264 698 1305 759 ad
1317 697 1436 779 ipsum

345 789 561 872 professionis
576 791 721 856 valorem.
741 797 829 874 (Art.
843 799 913 876 γι.)
994 846 999 854 .

386 889 595 951 Novitiatum
615 909 681 951 non
698 891 907 973 interrumpi,
925 891 983 954 sed
995 913 1163 957 summum
1179 913 1270 956 mere
1290 911 1437 974 suspen-

347 986 391 1064 di,
408 985 673 1048 commoratione
696 993 792 1048 extra
807 988 943 1075 domum
964 989 1185 1092 probationis,
1203 1007 1288 1069 quae
1305 986 1364 1050 liat
1387 987 1436 1048 ob

342 1082 469 1168 justam
486 1101 622 1145 causam
645 1087 678 1142 et
701 1080 861 1150 accedent
848 1088 881 1143 e
897 1101 996 1144 venia
1012 1079 1216 1190 Superioris
1234 1102 1254 1145 a
1270 1100 1435 1163 gratissi

346 1178 408 1241 mis
425 1176 528 1240 tradit
515 1183 585 1240 tum
604 1183 661 1244 est
676 1177 897 1274 scriptoribus
924 1186 958 1242 et
982 1198 1156 1260 responsis
1180 1179 1216 1242 S
1234 1177 1433 1258 Congrega·

347 1273 458 1337 tionis
464 1272 642 1336 confirmat
629 1278 712 1356 tum.
730 1275 774 1335 Αι
761 1279 840 1354 tque
867 1274 951 1337 haec
966 1269 1123 1390 dicebant
1110 1280 1166 1336 tur
1180 1273 1222 1336 de
1244 1271 1445 1378 Ordinibus

347 1369 522 1451 religiosis.

358 1468 439 1529 De
455 1464 591 1527 Instr
539 1470 621 1526 rs
637 1470 823 1528 tamenvo
810 1465 1178 1548 orumsrmplrcrum,
1181 1472 1269 1528 estat
1219 1465 1373 1528 tturR.
1385 1465 1438 1526 D.

347 1565 427 1626 Batt
430 1561 565 1624 andier¹
575 1561 710 1648 huicint
698 1555 1060 1642 terpretationiobesse
1073 1561 1330 1642 praesentemS.
1341 1559 1432 1622 Con·

347 1655 553 1746 gregationis
569 1677 679 1746 usum,
697 1657 817 1739 quippe
833 1655 1001 1740 quaejam
1017 1655 1186 1720 existimet
1202 1657 1429 1738 interruptum

348 1753 548 1834 novitiaturn
572 1753 643 1834 ejus
671 1752 726 1832 qui
751 1745 876 1835 pcr124'
902 1753 1004 1815 horas
1030 1753 1187 1829 abfuerit,
1215 1760 1258 1836 et·
1275 1773 1296 1814 a
1323 1753 1428 1834 capite

348 1850 564 1930 repetendum
592 1847 653 1910 nisi
678 1848 714 1911 S.
732 1848 828 1911 Sedis
850 1849 1049 1929 impetretur
1071 1843 1378 1930 Indultum.Quod
1401 1846 1430 1908 si

348 1943 521 2024 itainerit,
540 1943 723 2028 praestabit
739 1944 771 2005 in
788 1943 840 2006 his
857 1962 942 2024 quae
965 1943 1008 2005 ad
1033 1945 1183 2007 valorem
1213 1947 1292 2004 sunt
1317 1959 1432 2003 neces-

348 2041 448 2117 saria,
466 2040 655 2102 securiores
670 2040 763 2119 sequi
780 2046 905 2122 partes.

389 2138 430 2199 N.
447 2150 522 2214 250.
539 2135 629 2196 Vota
651 2155 718 2197 non
741 2135 876 2197 obstant
901 2135 980 2215 quin
1008 2141 1158 2197 mutetur
1174 2135 1228 2196 vel
1252 2131 1435 2196 revocetur

349 2232 455 2296 cessio
472 2229 772 2312 administrationis
798 2237 832 2290 et
859 2219 1032 2292 fructuum
1053 2229 1233 2304 bonorum,
1249 2227 1276 2291 si
1293 2229 1433 2300 accedat

242 2321 248 2326 ⁸
348 2325 482 2390 licentia
498 2323 689 2406 Superioris
704 2325 884 2405 generalis.
901 2323 1003 2400 Vota,
1020 2323 1169 2406 inquam,
1196 2341 1263 2385 non
1280 2321 1431 2383 obstant.

348 2421 476 2498 Obesse
492 2419 578 2482 enirn
594 2417 690 2481 facile
706 2424 816 2499 potest
829 2418 885 2501 jus
901 2417 1002 2480 tertio
1026 2417 1239 2500 quaesitum..
1254 2418 1339 2496 (Art.
1361 2419 1430 2477 116.

350 2516 435 2595 117.)
519 2571 522 2579 .

390 2607 426 2670 Si
441 2625 528 2688 quae
550 2594 638 2668 bona
654 2605 817 2688 religiosis
834 2611 904 2688 post
925 2611 996 2668 vota
965 2607 1216 2684 tobveniant‚
1234 2605 1352 2668 debent
1375 2602 1431 2665 vel

349 2685 490 2784 possunt
517 2700 712 2782 simpliciter
738 2699 882 2782 professi
909 2703 982 2764 de
975 2701 1014 2764 iis
1046 2699 1223 2783 disponere
1249 2695 1431 2762 secundum

350 2813 486 2858 normas
513 2801 660 2858 statutas
690 2796 730 2858 de
758 2795 854 2858 bonis
881 2803 960 2858 ante
988 2794 1230 2878 professionem
1256 2791 1431 2876 possessis

350 2889 436 2966 (Art.
456 2911 524 2972 124,
542 2909 607 2970 quo
623 2890 722 2953 simul
738 2890 915 2953 confirmat
903 2900 958 2953 tur
974 2899 1050 2952 nost
1055 2911 1128 2953 rum
1144 2911 1177 2952 n.
1194 2891 1285 2969 248.)

374 2992 434 3054 N.
447 2990 537 3069 476.
566 2991 748 3054 Decretum
772 2988 986 3074 Qriemndmod
989 3009 1050 3057 ιιι
1076 2997 1158 3069 qua
1160 3009 1243 3052 enus
1271 2981 1434 3070 praecipit

351 3107 391 3150 ne
418 3086 616 3167 Superiores
640 3092 694 3166 pet
695 3092 755 3147 ent
759 3085 766 3147 i
742 3085 903 3147 tsubdit
891 3091 925 3146 to
948 3075 1252 3149 extraordinarium
1270 3085 1435 3164 denegent

346 3179 657 3257 -Conlessariumffle
641 3180 741 3265 etiam
764 3181 806 3241 ad
827 3178 987 3260 religiosos
1009 3179 1090 3240 uiros
1112 3178 1206 3242 laicos
1228 3185 1284 3241 ext
1271 3179 1377 3240 tendit
1364 3185 1434 3240 t.ur

350 3277 541 3356 (Arnim.)

360 3418 362 3424 .
391 3371 431 3432 N.
449 3383 524 3448 477.
543 3394 556 3422 <r
572 3369 711 3451 Quoties
727 3389 862 3431 sorores
878 3371 909 3431 in
927 3368 1039 3449 aliqua
1052 3370 1185 3452 publica
1199 3367 1340 3432 ecclesia
1354 3385 1435 3429 con-

350 3463 528 3526 sessionem
545 3482 641 3524 suam
658 3471 837 3544 peragunt,
855 3465 942 3547 apud
960 3485 1207 3545 quemcumque
1223 3460 1434 3526 sacerdotem

346 3557 393 3637 ab
408 3557 576 3641 Episcopo
593 3557 814 3646 approbatum
837 3559 989 3621 confiteri
1013 3565 1183 3640 poterunt.
1204 3545 1331 3638 »(Αιι.
1351 3559 1434 3638 149)

359 3656 433 3718 N.
449 3670 555 3736 492,
548 3673 578 3717 c.
595 3655 782 3718 Prohibitio
779 3677 864 3738 qua
880 3665 1050 3738 nequeunt
1066 3657 1265 3738 Superiores
1284 3657 1355 3729 Inst
1342 3653 1432 3722 tituti

343 3750 428 3826 laici
441 3750 593 3811 subditos
609 3749 767 3813 inducere
783 3753 825 3813 ad
842 3753 1068 3814 conscientiae
1092 3772 1173 3814 suae
1189 3749 1435 3814 manifestatio·

342 3865 438 3922 nem,
455 3847 544 3926 ipsos
560 3845 713 3908 Novitios
730 3845 918 3929 complecti,
932 3847 1002 3930 jam
1028 3867 1094 3930 non
1111 3855 1162 3910 est
1174 3845 1429 3937 ambigendum,

341 3960 392 4012 ¹tex
407 3947 472 4002 art.
491 3960 541 4021 77.

379 4073 413 4120 N.
425 4073 457 4121 Β.
471 4071 550 4119 Brevi
567 4089 588 4118 ιι
599 4075 666 4130 sept.
681 4089 745 4129 1901,
758 4073 785 4121 S.
803 4072 937 4124 Pontifex.
950 4086 999 4131 pro
1015 4071 1212 4133 quinquennali
1224 4069 1437 4132 participatione

340 4139 581 4201 indulgentiarum
592 4141 612 4187 ιι
623 4147 649 4188 et
660 4141 680 4190 2i
689 4141 809 4198 Ordinis,
822 4142 855 4190 de
866 4156 955 4202 quan.
966 4151 1038 4207 541,
1048 4150 1071 4198 6,
1082 4157 1105 4191 c.
1115 4141 1248 4192 concessit
1258 4141 1285 4189 in
1294 4143 1437 4200 perpetum

340 4210 443 4296 :Tertio
452 4210 548 4299 Ordini
560 4211 587 4259 S.
600 4209 739 4259 Francisci
751 4212 863 4260 noviom
874 4213 1058 4262 Summanum
1069 4210 1318 4272 Indulgentiarum.

382 4441 476 4489 lGur'de
485 4443 620 4500 cancrique,
633 4452 658 4488 ιε
669 4441 733 4488 edit.
747 4455 773 4488 n.
788 4450 826 4497 76.
