3148 5004
331 475 370 536 28
706 497 773 532 rans
789 497 891 541 enimn„
902 497 992 542 cneus
1008 499 1039 533 ru

330 655 334 662 ’
369 633 497 694 Eadem
514 630 655 694 concilia
678 631 725 693 sic
748 631 910 693 indirecte
928 631 1024 694 nobis
1041 637 1213 694 testantur
1229 632 1431 694 anctoritass
1469 692 1471 696 ,

329 719 396 776 tem
423 715 555 777 abbatis
581 714 615 776 in
638 716 823 776 monachos
847 734 939 776 suos.
965 715 1128 776 Solebant
1150 725 1302 777 ceterum
1319 715 1339 776 ii
1355 713 1418 794 ipsi

251 805 253 809 '
329 797 383 878 qui
401 796 587 860 inOriente
603 796 761 878 petebant
786 797 999 858 solitudinem
1016 797 1088 870 gsibi
1113 817 1276 877 quaerere
1300 796 1418 871 ducem

329 879 511 960 spiritualis
535 879 740 960 disciplinae,
758 879 811 940 cui
835 879 1080 958 perfectissime
1096 881 1187 941 dicto
1203 881 1419 964 obtempera
1461 942 1467 950 .

328 963 411 1023 bant
441 962 463 1040 ¹,
495 962 556 1024 nisi
586 963 675 1042 quod
701 961 871 1023 arbitratu
901 981 963 1022 suo
992 963 1172 1024 mutabant
1203 962 1415 1043 magistrum.

329 1043 513 1106 Plurimum
530 1043 788 1126 praedicabatur
805 1045 975 1123 sequenda
988 1043 1127 1106 traditio
1140 1045 1320 1126 majorum.
1393 1079 1415 1088 ,.

330 1149 334 1156 ’
370 1125 436 1188 Sed
452 1145 493 1188 ex
508 1146 573 1206 quo
590 1135 680 1188 tecto
696 1127 747 1188 usi
763 1135 843 1188 sunt
860 1129 1039 1204 communi,
1058 1127 1214 1189 absoluta
1227 1125 1418 1202 obedientia

328 1210 401 1270 visa
417 1223 468 1270 est
484 1210 607 1290 aliquid
631 1209 846 1292 praecipuum
866 1209 993 1282 invita
1015 1210 1184 1290 religiosa.
1202 1211 1277 1292 Jam
1301 1208 1420 1288 regula

329 1291 365 1353 S.
390 1291 567 1354 Pakhomii
591 1293 605 1354 .²
635 1311 674 1353 ac
700 1293 857 1374 deinceps
886 1291 1070 1353 universim
1088 1312 1216 1360 ,omnes
1244 1293 1277 1353 in·
1309 1292 1418 1373 prima

237 1392 241 1397 ’
328 1376 620 1438 commendatione
642 1374 769 1435 habent
784 1374 1032 1451 obedientiam,
1047 1373 1093 1435 ita
1117 1384 1158 1434 ut
1169 1394 1209 1434 ex
1226 1393 1270 1434 ea
1283 1373 1420 1452 collige-

91 2126 97 2134 *
117 2116 254 2174 Clericnlns,

263 2046 265 2050 ’
330 2035 481 2108 regulam
498 2034 721 2112 recentiorem
740 2034 775 2096 8.
790 2034 977 2096 Benedicti.
1029 2071 1032 2075 -

329 1465 404 1518 rent
428 1458 519 1518 vitae
542 1456 773 1518 coenobiticae
797 1458 1060 1534 praestantiam.
1069 1456 1288 1528 Inlnstitutn
1303 1462 1416 1530 tamen

330 1539 365 1600 8.
383 1538 558 1602 Palthomii
573 1539 721 1600 nondum
745 1538 981 1601 videnturusu
998 1538 1130 1600 venisse
1147 1545 1227 1602 vota
1235 1534 1419 1618 formalia:

330 1639 390 1682 nec
426 1620 495 1682 vita
527 1629 602 1682 erat
634 1621 781 1702 perfecte
810 1621 1009 1698 communis,
1046 1641 1107 1683 nec
1138 1621 1250 1683 stabili
1280 1618 1419 1680 vinculo

329 1703 534 1765 monasterio
559 1703 845 1784 devinciebantur
860 1705 1030 1766 monachi.
1054 1703 1291 1777 Nihilominus,
1316 1701 1417 1786 unius

330 1784 520 1865 Superioris
535 1785 701 1866 generalis
716 1787 921 1849 auctoritate
935 1795 969 1847 et
983 1786 1034 1848 bis
1052 1785 1085 1847 in
1101 1807 1191 1850 anno
1208 1783 1418 1848 celebrandis

331 1867 553 1930 conventibus
582 1869 882 1930 universalioribus
911 1870 1156 1938 monachorum
1171 1873 1194 1946 ³,
1216 1869 1287 1950 jam
1310 1865 1419 1950 magis

330 1948 374 2010 ibi
389 1951 615 2013 accedebatur
630 1952 672 2013 ad
689 1951 867 2013 modernos
883 1951 1025 2014 Ordines
1043 1951 1219 2032 religiosos
1237 1941 1419 2031 qualmper

332 2136 337 2142 ·
371 2118 437 2178 Pro
456 2117 529 2178 line
556 2117 697 2191 intento,
728 2117 886 2178 monachi
916 2116 1078 2196 dignitate
1109 2115 1254 2178 clericali
1282 2113 1417 2176 minime

329 2210 413 2279 opus
429 2199 611 2277 habebant,
629 2200 818 2280 potiusque,
836 2219 877 2260 ex
893 2201 1082 2262 humilitate
1098 2207 1131 2261 et
1154 2199 1233 2278 fuga
1250 2197 1416 2260 tumultus

329 2299 368 2342 ac
384 2283 610 2362 negotiorum,
635 2282 747 2344 animo
773 2291 871 2343 erant
895 2283 936 2344 ab
960 2282 1024 2343 isto
1048 2282 1298 2359 honore'atque
1314 2297 1416 2339 onere

328 2363 439 2425 alieni.
465 2363 551 2446 Quia
578 2376 689 2425 tamen
718 2366 870 2425 solebant
896 2367 1124 2441 anachoretae
1151 2365 1183 2426 in
1211 2361 1361 2424 sabbatis
1383 2368 1418 2420 et

328 2445 513 2507 Dominicis
542 2444 641 2506 sim‘ul
672 2447 854 2507 convenire
881 2449 921 2507 ad
949 2467 1047 2508 sacra
1075 2445 1318 2526 participanda,
1349 2461 1416 2504 non

328 2545 456 2606 paucae
483 2528 763 2607 congregationes
790 2530 927 2608 proprio
951 2531 999 2589 uti
1024 2540 1208 2608 coeperunt
1226 2525 1414 2588 sacerdote.

328 2608 425 2690 Quod
442 2609 668 2688 multomagis
684 2629 768 2690 opus
786 2610 847 2671 l'uit
862 2611 916 2672 his
933 2611 988 2690 qui
1007 2611 1110 2672 vitam
1129 2611 1276 2688 agebant
1293 2624 1416 2670 coeno-

328 2690 475 2752 biticam.
494 2692 571 2752 Mox
587 2693 699 2772 plures
717 2691 873 2754 monachi
889 2692 1025 2772 abducti
1042 2699 1121 2752 sunt
1137 2697 1180 2752 ab
1196 2690 1361 2769 episcopis
1379 2695 1417 2750 ut

327 2773 448 2833 fierent
477 2775 671 2835 sacerdotes
700 2777 753 2836 vel
784 2775 915 2835 diaconi
939 2775 962 2852 ⁴,
981 2783 1014 2835 et
1041 2771 1191 2835 nonnulli
1219 2771 1342 2847 etiam,
1360 2772 1416 2831 vel

327 2855 546 2932 reluctantes,
574 2855 754 2937 episcopali
780 2858 871 2918 aucti
898 2865 977 2917 sunt
1001 2856 1175 2934 dignitate.
1202 2853 1416 2916 Commemo-

328 2937 422 2998 randi
447 2955 526 2998 sunt
549 2938 612 2998 hoc
638 2940 712 3000 loco
729 2939 764 3000 S.
782 2938 941 3016 Basilius,
960 2939 995 3001 S.
1021 2939 1207 3018 Gregorius
1229 2936 1415 3000 Nazianze-

327 3038 402 3095 nuS,
421 3019 456 3081 8.
468 3021 617 3109 Joannes
633 3019 911 3102 Chrysostomus,
922 3021 977 3101 qni
987 3031 1065 3084 ante
1078 3036 1176 3082 suum
1186 3018 1414 3081 sacerdotium

327 3103 479 3183 'exemplo
495 3103 720 3164 honestarunt
737 3103 840 3165 vitam
857 3104 1047 3184 religiosam
1064 3123 1164 3185 quam
1187 3101 1316 3177 deinde,
1335 3098 1415 3161 lacti
1472 3145 1475 3150 .
1571 3091 1572 3096 ’

326 3184 496 3266 Episcopi,
515 3190 691 3266 tantopere
707 3185 958 3248 hortationibus
975 3187 1044 3248 suis
1068 3194 1314 3270 propagarunt.
1338 3184 1416 3262 Ipsa

320 3279 477 3330 ceterum
495 3268 530 3330 8.
547 3268 733 3332 Bibliorum
757 3269 912 3346 lectione,
936 3271 979 3331 ad
1002 3289 1098 3332 suam
1116 3271 1265 3350 ipsorum
1289 3265 1415 3328 utilita-

325 3356 395 3412 tem
412 3353 519 3432 primo
535 3361 722 3431 assumpta,
740 3351 867 3414 inducti
891 3361 970 3414 sunt
988 3352 1144 3416 monachi
1168 3359 1206 3420 ut
1229 3350 1262 3411 in
1285 3348 1414 3410 theolo-

326 3432 419 3514 gicas
445 3435 696 3496 controversias
723 3453 759 3495 se
786 3433 1008 3498 insinuarent.
1039 3435 1136 3516 Quod
1163 3433 1195 3494 si
1214 3431 1415 3517 quandoque

327 3534 480 3578 errorum
498 3522 598 3596 atque
616 3517 806 3579 haeresium
823 3517 916 3580 fuere
932 3518 1094 3593 lautores,
1124 3515 1274 3598 plerique
1301 3521 1415 3582 tamen

357 3768 551 3828 lotrarjelskij,
572 3785 652 3828 pm.
821 3816 823 3820 Α

355 3828 365 3860 2
376 3826 431 3873 Cir.
444 3827 581 3882 Ladeuze,
592 3827 669 3876 Elude
677 3843 719 3872 sur
729 3827 748 3874 le
757 3829 905 3876 cenobitisme
912 3829 1062 3888 patriamne,
1076 3843 1103 3886 p.
1115 3834 1157 3876 285
1162 3866 1165 3874 ,
1176 3835 1228 3875 286.
1395 3877 1397 3880 ,
1413 3868 1414 3872 ,

333 3910 335 3912 -
355 3883 431 3930 ³Clr.
445 3885 479 3930 de
489 3885 616 3932 Instituto
635 3887 661 3934 S.
676 3885 828 3943 Palibomii,
842 3888 970 3934 Ladenze
982 3901 1026 3946 op.
1044 3886 1091 3933 cit.
1105 3901 1136 3946 p.
1155 3891 1254 3934 283-288
1266 3887 1293 3930 et
1305 3881 1410 3935 Butler,

329 3941 476 3988 Tlelaustac
488 3945 586 4000 historin
599 3951 650 3990 ete.
663 3957 690 4001 p.
701 3951 805 4000 234·237.
1177 3977 1182 3988 .
1385 3991 1389 3999 ,
1405 3974 1415 3982 w

355 3999 521 4062 §Egregium
532 3999 612 4056 hujus
622 4001 660 4047 rei
674 4008 878 4052 monumentum
896 4001 1031 4049 habemus
1042 4001 1068 4048 in
1080 4001 1127 4048 cit.
1140 3999 1217 4058 epist.
1232 4000 1250 4046 S
1273 3996 1364 4046 Siricn
1376 3995 1413 4042 ad

327 4056 491 4103 Himerium.
510 4059 542 4103 ln
553 4071 576 4102 e.
590 4059 663 4105 enim
673 4071 721 4105 xur
733 4060 854 4107 declarat
867 4059 1006 4108 Pontifex:
1022 4078 1030 4103 ι
1046 4059 1198 4106 Monachos
1209 4069 1328 4116 quoque,
1342 4067 1413 4114 quos

326 4119 417 4177 tamen
439 4128 545 4162 morum
563 4116 682 4174 gravitas
703 4123 729 4162 et
751 4117 934 4164 vitaeaclidei
957 4117 1094 4164 institutio
1113 4123 1208 4162 sancta
1227 4110 1410 4170 commendat,

326 4171 744 4232 clericorumofficiisaggregari
757 4184 783 4222 et
801 4185 929 4234 optamus
940 4182 966 4222 et
978 4176 1111 4221 volumus.
1132 4191 1140 4217 i
1161 4174 1200 4224 iM
1232 4173 1263 4218 P.
1284 4171 1316 4218 L.
1334 4176 1353 4216 t.
1374 4175 1410 4232 πᾷ.

326 4242 341 4276 c
363 4242 437 4287 ¹¹44·'
448 4232 535 4289 Atque
547 4231 574 4277 in
585 4231 709 4283 conciliis
719 4233 899 4279 orientalibus
910 4247 930 4278 s.
942 4238 996 4279 vet
1008 4245 1044 4286 vr,
1052 4242 1166 4290 -praeter
1174 4244 1220 4277 eos
1231 4229 1279 4289 qui
1290 4227 1413 4292 subscri·

325 4284 429 4350 bebant
444 4301 517 4334 mere
535 4297 564 4335 ut
575 4290 740 4346 pertinentes
751 4291 786 4337 ad
797 4291 921 4337 ordinem
942 4290 1151 4345 Monachorum,
1172 4300 1284 4336 nomina
1297 4288 1413 4350 legimus

325 4345 446 4448 plurium
462 4345 658 4393 monachorum
676 4345 723 4406 qui
742 4347 823 4394 simul
842 4347 916 4395 aucti
934 4353 1011 4394 erant
1028 4346 1184 4394 sacerdotio
1196 4348 1238 4392 vel
1249 4345 1409 4407 diaconatu.

341 4409 377 4457 ta,
400 4415 431 4448 ex
453 4420 480 4450 22
499 4403 721 4452 archimandritis
741 4405 788 4464 qui
811 4405 1006 4462 consignarunt
1017 4404 1222 4452 damnationem
1235 4400 1409 4460 Eutychetrs.

327 4466 353 4507 ιε
363 4473 421 4506 sese
432 4457 592 4518 profitentur
602 4461 765 4510 sacerdotes.
779 4462 834 4511 Cfr.
849 4461 1063 4518 Labbe-Mansi,
1077 4469 1095 4510 t.
1107 4469 1130 4518 6,
1143 4474 1167 4508 c.
1181 4466 1288 4517 751754·
1343 4519 1345 4523 y
1411 4519 1414 4524 Ι
