3148 5004
159 519 249 602 [2-4]
315 536 624 574 oasrnrusurcrorosr
641 536 777 582 nomena,
795 537 1081 575 raxrieusaroaru.
1154 517 1155 520 '
1226 501 1244 576 3

158 676 244 750 bilis,
261 673 445 737 differenda
471 679 522 732 est
537 670 571 732 in
596 670 740 751 patriam
764 689 897 732 summa
918 670 974 733 illa
995 671 1141 734 hominis
1170 694 1245 755 per-

157 759 270 834 fectio,
286 777 354 837 qua
384 781 397 810 ‹<
424 753 611 816 secundum
628 759 737 814 totum
753 773 852 814 suuni
867 772 965 834 posse
980 773 1111 836 semper
1127 767 1244 818 actua-

155 843 233 905 liter
245 839 352 902 tendit
364 838 397 899 in
413 839 524 900 Deum
540 835 563 898 ¹.
581 862 594 890 »
610 835 685 918 Jam
702 843 782 897 tunc
807 855 874 897 non
899 843 1081 917 supersunt
1100 837 1163 900 nisi
1179 841 1245 900 duo

157 921 312 986 caritatis
334 920 471 1002 gradus,
498 937 641 998 quorum
659 919 751 992 alter
774 916 919 1001 pertinet
930 919 978 980 ad
1004 919 1245 999 perfectionem

157 1007 260 1068 latius
277 1013 456 1084 sumptam,
473 1003 559 1063 alter
574 1019 656 1062 vero
679 1011 730 1062 est
756 999 828 1081 ipsa
844 999 1006 1082 perfectio
1023 1003 1118 1083 cujus
1135 1011 1245 1066 status

160 1086 338 1167 religiosus
354 1085 475 1147 dicitur
491 1082 620 1145 schola.
858 1121 862 1128 -

159 1191 161 1222 2
200 1170 298 1232 Prior
315 1187 407 1230 mere
423 1167 568 1228 excludit
588 1165 630 1225 ab
652 1163 776 1226 affectu
799 1163 944 1228 hominis
967 1167 1123 1247 quicquid
1148 1168 1244 1230 habi·

160 1252 244 1314 tuali
260 1252 462 1314 adversatur
485 1248 630 1322 caritati,
658 1267 719 1308 nec
736 1248 783 1309 ita
798 1247 960 1310 sollicitus
977 1256 1028 1309 est
1054 1253 1094 1310 de
1121 1271 1244 1330 magna
1310 1261 1312 1266 ’

160 1338 215 1396 vel
238 1334 278 1395 de
293 1333 437 1395 maxima
459 1339 596 1392 actuum
612 1330 813 1409 frequentia.
829 1331 895 1412 Qui
912 1335 1137 1393 necessariam
1154 1333 1245 1395 hanc·

160 1416 306 1498 possidet
323 1415 498 1476 caritatem
513 1413 597 1474 satis
614 1413 814 1494 conjunctus
834 1418 885 1474 est
902 1433 977 1474 cum
994 1415 1066 1476 Deo
1082 1423 1119 1476 ut
1124 1415 1241 1495 justris,
1328 1487 1329 1494 ἵ

158 1491 456 1578 sanetreqperseeters
471 1495 631 1576 appellari
645 1496 762 1574 possit.
778 1495 877 1556 Hunc
891 1502 1002 1557 tamen
1017 1517 1082 1559 non
1096 1499 1244 1561 solemus

158 1582 332 1645 nominare
348 1579 549 1661 perfectum.

199 1665 237 1726 In
252 1667 361 1725 altero
391 1668 505 1722 autem
528 1659 647 1740 gradu,
673 1657 792 1738 aliquis
815 1659 920 1738 diligit
947 1663 1056 1724 Deum
1079 1667 1243 1742 quantum

159 1747 333 1808 moraliter
348 1744 460 1826 potest
477 1742 629 1805 mortalis
646 1751 804 1802 creatura
820 1741 843 1803 ².
861 1742 995 1804 Gradus
1008 1745 1069 1806 iste
1083 1747 1242 1825 postolat,
1261 1740 1265 1747 ’

159 1836 294 1912 praeter
320 1827 529 1890 habitualem
556 1824 745 1898 caritatem,
763 1823 991 1904 depulsionem
1015 1829 1163 1890 omnium
1183 1829 1244 1890 im-

160 1910 439 1990 pedimentorum,
455 1926 586 1968 necnon
598 1905 713 1968 faciles
726 1913 759 1966 et
772 1908 963 1986 frequentes
973 1917 1070 1971 actus
1079 1911 1242 1976 cantatis.

159 1994 287 2072 Hisque
303 1993 393 2054 notis
410 1992 511 2052 etiam
528 1989 717 2051 concrescit
733 1989 893 2068 perfectio
909 2010 1023 2071 presse
1038 1994 1139 2055 dicta.

199 2099 229 2139 2.
248 2075 340 2159 Quod
355 2073 397 2136 rid
412 2071 575 2134 terminari
590 2071 806 2132 secundarium
828 2072 882 2152 qui
895 2079 938 2134 est
958 2075 1127 2154 protimus,
1146 2083 1244 2137 actus

159 2157 370 2238 potissimum
407 2161 647 2236 comparantur
679 2175 719 2214 ex
756 2153 879 2234 dispari
917 2175 983 2234 qua
1021 2159 1245 2220 honestentur

159 2240 369 2302 excellentia.
394 2239 446 2299 Ita
472 2237 641 2299 extensione
657 2245 808 2318 praestat
832 2237 963 2299 dilectio
990 2258 1075 2317 quae
1099 2240 1244 2319 positivo

159 2323 282 2403 affectu
299 2321 514 2401 prosequitur
529 2339 595 2380 non
612 2327 743 2380 tantum
760 2320 875 2379 erriicos
887 2320 944 2380 scd
957 2327 1115 2386 extraneos
1128 2321 1242 2398 etiam,

161 2403 262 2464 immo
281 2411 315 2465 et
336 2402 492 2468 inimicos·
504 2402 534 2462 vi
544 2409 659 2463 autem
675 2400 849 2468 intrinseco,
874 2403 999 2464 caritas
1017 2423 1083 2480 qua
1102 2405 1244 2484 proximi

161 2487 253 2546 bono
267 2484 509 2566 postferuntur,
525 2503 590 2544 non
604 2485 711 2544 solum
724 2503 770 2542 res
783 2485 944 2545 exteriores
959 2496 992 2546 et
1004 2491 1121 2566 corpus,
1136 2487 1194 2548 sed
1211 2499 1244 2549 et

161 2570 234 2648 ipsa
262 2568 337 2642 uita,
362 2567 491 2628 dicente
521 2564 688 2628 Domino:
710 2591 723 2619 «
743 2566 904 2646 Majorem
936 2569 1000 2630 hac
1031 2570 1243 2632 dilectionem
1277 2624 1279 2628 Α

161 2670 260 2712 nemo
273 2651 375 2711 habet
388 2656 424 2710 ut
437 2649 583 2710 animam
597 2669 692 2709 suam
706 2657 810 2730 ponat
824 2651 897 2729 quis
910 2670 970 2730 pro
982 2652 1097 2713 amicis
1111 2653 1179 2714 suis
1193 2653 1214 2730 ³3
1228 2665 1252 2708 ›>·

1330 2087 1397 2146 Quod
1413 2094 1448 2140 ad

1297 2147 1440 2201 proximum.

159 2731 262 2813 efficto
293 2732 434 2811 denique
466 2751 526 2792 seu
557 2730 702 2807 ottttieie,
738 2731 872 2793 caritati
901 2752 987 2812 quae
1021 2747 1178 2796 versatur
1210 2738 1244 2796 in
1307 2807 1309 2810 ¹

159 2816 292 2895 eorporis
323 2813 582 2876 necessitatibus
617 2813 765 2874 levandis
799 2816 1016 2894 anteponitur
1047 2819 1244 2898 procuratio

158 2901 324 2960 bonorum
345 2895 567 2976 spiritualium,
592 2894 765 2976 potissima
778 2904 890 2957 autem
907 2905 958 2959 est
971 2918 1036 2977 qua
1049 2900 1245 2962 tribuuntur

158 2978 407 3060 supernaturalia
433 2984 459 3038 et
488 2978 606 3039 divino.
635 2979 749 3060 Quare
776 2979 810 3040 S.
836 2979 1014 3042 Thomas4
1037 2983 1143 3044 tribus
1166 3003 1244 3044 con-

159 3069 288 3124 cretam
318 3062 397 3122 dicit
422 3061 662 3141 perfectionem
682 3061 867 3122 dilectionis
884 3064 1045 3143 proximi:
1064 3069 1095 3144 a)
1119 3065 1243 3140 Studio,

159 3166 219 3206 non
234 3148 336 3224 perse
359 3143 534 3210 necessario,
560 3162 619 3222 qno
636 3142 765 3222 positive
782 3144 888 3222 fertur
911 3146 1003 3207 etiem
1025 3147 1057 3207 in
1079 3147 1244 3214 irrirrticos;

158 3227 193 3306 b>
209 3225 367 3306 Impendio
382 3225 462 3286 vitae
480 3229 537 3304 pro
553 3223 730 3296 ditectione;
745 3229 776 3302 c)
793 3227 975 3308 Largitione
993 3229 1141 3290 honorarii
1155 3229 1244 3309 spiri-

159 3308 292 3370 tualium
319 3313 346 3368 et
371 3307 559 3368 diuinorum.
583 3309 908 3371 Excellentissiinam
932 3309 1030 3371 istam
1054 3312 1242 3387 caritatem,

158 3399 197 3452 ut
219 3391 252 3452 in
279 3390 529 3468 absolutissimo
557 3392 751 3472 exemplari,
771 3392 922 3452 contueri
949 3392 1026 3452 licet
1056 3393 1089 3453 in
1108 3393 1244 3454 Christo

158 3473 318 3548 Domine,
329 3473 384 3551 qui
397 3473 438 3534 ad
453 3473 599 3534 divinam
611 3473 760 3533 omnium
774 3473 1035 3554 redemptionem
1045 3474 1243 3555 sanguinem
1307 3483 1310 3488 ’
1331 3482 1333 3488 ’

159 3576 258 3617 suum
276 3555 423 3636 profudit
440 3555 541 3616 etiam
559 3573 619 3635 pro
636 3554 910 3634 crucifigentibus
924 3567 973 3616 se.

319 3731 334 3820 p
362 3747 398 3804 2.
429 3721 551 3824 Quid
570 3722 632 3801 sit
654 3727 791 3801 streties
810 3720 1086 3830 perfectionis

200 3916 238 3978 4.
264 3913 291 3976 Ι.
320 3915 455 3990 Status,
486 3913 551 3974 hoe
583 3914 669 3988 loce,
694 3912 861 3991 significat
885 3912 1117 3977 condicionem
1146 3934 1247 3994 quam·

158 3997 263 4058 liabet
287 3997 388 4056 homo
404 4016 445 4056 ex
468 3995 626 4057 libertate
643 3995 696 4054 vel
722 3996 895 4057 contraria
910 3997 1086 4075 servitute,
1106 3998 1246 4060 civitate

157 4087 219 4140 aut
242 4077 366 4140 familia
391 4077 413 4140 ¹.
442 4078 518 4158 lpsa
544 4083 656 4138 autem
683 4078 825 4139 nominis
853 4079 1086 4158 interpretatio
1113 4080 1248 4141 videtur

158 4159 526 4240 postularefirrriiteterri
542 4159 631 4220 illam
660 4178 725 4238 qua
752 4179 788 4221 re
815 4180 897 4221 vera
924 4161 996 4240 quis
1022 4161 1130 4223 addici
1161 4164 1247 4224 solet

157 4243 319 4320 libertati,
337 4241 478 4319 civitati,
496 4241 652 4311 familiae,
672 4242 726 4302 vel
741 4241 866 4305 eisdem
880 4243 1021 4305 excludi.

169 4381 483 4394 .....-‚—---.

188 4453 195 4486 ¹
208 4468 228 4500 2.
243 4469 265 4506 2,
279 4464 305 4508 q.
320 4456 369 4504 184.
382 4453 464 4496 arta.
479 4462 504 4496 c.
517 4476 545 4483 -
560 4452 570 4484 ’Ξ
588 4446 768 4495 Bellarminus
780 4463 809 4496 11.
827 4450 941 4496 Contror.
960 4467 982 4506 2,
996 4450 1049 4504 l.‘2‚
1067 4461 1091 4494 c.
1110 4464 1131 4502 2,
1145 4459 1171 4494 n.
1185 4463 1247 4503 7—

155 4509 206 4556 35,
219 4509 312 4560 Joonn.
329 4515 363 4562 15,
378 4515 412 4554 13.
426 4533 453 4540 —
464 4509 474 4541 ⁴
484 4507 521 4553 De
527 4504 666 4566 perfectione
677 4509 738 4552 vitae
748 4510 807 4566 spir.
822 4521 847 4554 c.
863 4525 898 4564 14.

1302 3942 1364 4003 Quid
1373 3947 1456 3990 status.
