3142 5004
2 4485 18 4567 l

390 443 394 456 l

148 457 207 536 [33
211 459 270 518 6-3
273 459 293 518 3
297 457 332 538 8]
557 482 592 517 mr
607 482 733 518 nrscussu
748 483 955 522 austerosoauu
1178 464 1236 526 199

191 615 225 693 b)
249 614 305 680 Sic
327 615 453 680 dimissi
476 618 614 697 alumni,
642 623 670 683 si
696 619 762 682 sint
786 622 818 683 in
842 621 959 700 sacris,
985 622 1018 685 in
1040 627 1236 705 perpetuam

148 701 257 769 modo,
277 720 310 763 n.
326 700 403 778 336,
421 699 626 764 declaratam
643 704 897 784 suspensionem
914 704 1103 767 incurrunt.

190 804 220 845 2.
237 783 289 845 De
309 783 502 846 dimissione
524 788 626 866 sponte
648 786 811 867 impetrata
826 789 880 850 vel
903 787 1052 851 discessu
1074 786 1235 850 ultroneo:

191 891 204 920 «
223 865 299 949 Qui,
323 865 356 927 in
372 866 468 927 sacris
484 866 650 929 Ordinibus
676 869 834 931 constituti
857 877 891 932 et
913 870 1001 932 votis
1027 869 1234 952 simplicibus

150 947 244 1028 ligati
269 951 371 1029 sponte
393 948 619 1013 dimissionem
644 951 686 1013 ab
709 953 904 1033 Apostolica
919 953 1004 1016 Sede
1021 952 1177 1035 petierint
1201 961 1234 1015 et

150 1031 369 1110 obtinuerint,
385 1033 439 1094 vel
462 1032 560 1094 aliter
579 1052 620 1094 ex
636 1035 829 1116 Apostolico
845 1036 1019 1118 privilegio
1033 1056 1053 1097 a
1068 1034 1146 1098 uotis
1159 1034 1233 1096 sim·

143 1112 277 1195 plicibus
301 1115 354 1176 vel
379 1115 549 1197 perpetuis
565 1118 618 1179 vel
634 1118 860 1200 temporaneis
886 1117 1069 1201 dispensati
1096 1117 1231 1195 luerint,

1308 787 1396 847 Sponte
1408 783 1452 836 iau-

1284 849 1398 906 patratur.

149 1216 191 1258 ex
203 1199 356 1264 ,claustro
372 1218 431 1259 non
453 1203 560 1260 exeant
576 1198 681 1261 donec
700 1199 905 1282 Episcopum
921 1201 1121 1264 benevolum
1136 1203 1233 1281 recep·
1314 1218 1318 1230 ·

149 1285 244 1356 torem
258 1278 461 1358 invenerint,
478 1289 512 1342 et
528 1281 568 1342 de
582 1280 780 1344 ecclesiastico
796 1283 987 1364 patrimonio
1002 1283 1064 1347 sibi
1080 1283 1233 1366 provide·

149 1362 241 1439 rint;
279 1381 377 1424 secus
412 1363 567 1446 suspensi
598 1372 757 1428 maneant
786 1371 828 1428 ab
858 1366 1000 1429 exercitio
1028 1369 1233 1448 susceptorum

148 1443 325 1507 Ordinum.
350 1446 446 1530 Quod
471 1446 654 1527 porrigitur
678 1467 810 1529 quoque
833 1450 875 1511 ad
898 1450 1052 1512 alumnos
1074 1455 1233 1512 votorum

149 1526 348 1610 simplicium
379 1527 592 1611 temporalium
618 1529 673 1610 qui
703 1531 821 1611 quovis
851 1531 1067 1614 professionis
1096 1531 1233 1594 uinculo

145 1611 216 1690 jam
241 1609 353 1672 forent
377 1612 490 1690 soluti,
513 1612 556 1673 ob
579 1612 730 1694 elapsum
752 1622 821 1677 tem
847 1634 886 1676 us
909 1634 975 1696 quo
991 1622 1071 1678 vota
1094 1613 1137 1676 ab
1153 1613 1233 1697 ipsis

149 1691 274 1754 fuerint
291 1701 497 1774 nuncupata.
519 1721 531 1749 »
550 1695 648 1756 Decr.
668 1696 811 1758 Arretisa
835 1698 971 1778 modum,
989 1718 1022 1762 n.
1041 1718 1074 1760 v.

191 1774 286 1835 Haec
303 1782 340 1836 ut
355 1775 525 1857 paulisper
541 1777 772 1841 declaremus:

190 1859 223 1934 a)
239 1856 382 1919 Videtur
404 1877 478 1920 esse
501 1879 627 1920 censura
649 1879 763 1941 presse
786 1862 875 1925 talis.
900 1862 955 1926 Sic
977 1862 1066 1924 enim
1082 1861 1116 1924 in
1132 1859 1232 1924 dubio

148 1939 188 2001 de
216 1957 344 2021 poenae
374 1948 498 2002 natura
527 1950 579 2004 est
612 1941 801 2006 dicendum.
841 1945 1020 2028 Quocirca,
1055 1943 1133 2007 hinc
1163 1943 1230 2023 qui,

148 2021 322 2083 sanctione
338 2021 403 2084 ista
415 2024 580 2104 neglecta,
595 2025 745 2088 ordinem
762 2029 962 2104 exercuerit,
976 2026 1014 2088 fit
1028 2023 1230 2108 irregularis3

1315 1336 1441 1401 Suspensio

1286 1397 1397 1446 aduersus
1409 1415 1447 1448 eos

1286 1457 1327 1516 qui
1365 1461 1448 1505 temera

1285 1515 1446 1574 egrediantur.

149 2103 238 2166 illinc
255 2101 336 2165 vero
360 2124 426 2167 non
443 2105 629 2169 incurritur
644 2108 686 2169 ab
702 2128 743 2171 eo
759 2109 815 2186 qui
832 2129 898 2170 non
920 2108 1021 2171 fuerit
1038 2116 1229 2170 contumax.
1288 2145 1289 2148 =

190 2186 221 2260 b)
237 2187 379 2249 Factum
397 2190 485 2268 quod
500 2190 657 2270 plectitur
673 2211 817 2254 censura
829 2199 880 2253 est
893 2211 1029 2274 egressus
1044 2210 1062 2252 e
1082 2192 1232 2254 claustro

149 2276 330 2348 antequam
354 2268 544 2334 invenerint
566 2271 769 2354 Episcopum
792 2274 992 2336 benevolum
1008 2279 1231 2357 receptorem,

147 2357 180 2411 ct
197 2352 237 2413 de
253 2352 483 2415 ecclesiastico
498 2355 700 2436 patrimonio
716 2355 778 2418 sibi
794 2355 1014 2438 providerint.

187 2432 438 2497 Ecclesiastiaum
458 2437 683 2518 patrinmninm
705 2444 755 2500 est
780 2439 895 2502 cautio
917 2439 957 2502 de
980 2436 1150 2520 perpetuis
1174 2437 1233 2500 ali·

146 2516 267 2578 mentis
295 2536 334 2578 ea
362 2517 458 2600 copia
485 2539 570 2599 quae
595 2539 636 2582 ex
661 2521 815 2602 synodali
842 2521 1034 2584 definitione
1060 2521 1233 2603 judicatur

147 2616 309 2679 congrua,
332 2619 403 2677 seu,
421 2599 568 2681 brevius,
593 2608 644 2664 est
661 2603 746 2666 idem
761 2623 801 2666 ac
817 2603 935 2667 titulus
951 2602 1120 2685 legitimus
1145 2603 1232 2666 ordi-

148 2681 305 2745 nationis.

188 2765 268 2840 Duo¹
277 2784 358 2846 ergo
371 2766 590 2846 requiruntur
603 2773 640 2829 ut
653 2768 823 2831 discedere
836 2768 981 2851 possint:
995 2773 1033 2831 ut
1044 2767 1233 2849 Episcopus

148 2865 205 2906 eos
222 2849 303 2909 velit
314 2847 483 2911 asciscere
495 2849 529 2910 in
542 2851 670 2913 clerum
686 2851 921 2914 dioecesanum
934 2858 967 2915 et
979 2853 1033 2914 vel
1045 2849 1233 2932 Episcopus

148 2929 201 2988 vel
217 2929 271 2990 alii
288 2930 368 3010 ipsis
391 2931 544 2994 tribuant
568 2932 703 2996 titulum
724 2953 789 3015 quo
804 2935 941 2997 valeant
956 2933 1127 2997 ordinari:
1152 2942 1234 3016 puta

149 3009 294 3072 conferri
308 3012 519 3090 beneficium,
536 3016 655 3096 deponi
672 3016 739 3078 vim
755 3018 920 3097 quandam
937 3014 1111 3098 pecuniae.

189 3095 220 3169 c)
242 3093 280 3154 In
306 3092 379 3156 foro
403 3094 537 3158 interno
561 3117 705 3161 censura
722 3119 787 3161 non
804 3098 1025 3161 committitur
1040 3098 1083 3160 ab
1098 3098 1154 3160 illo
1177 3098 1232 3178 qui

148 3172 309 3253 ignorans
325 3175 357 3238 id
372 3176 500 3241 fecerit.
518 3180 587 3242 Nec
603 3181 725 3261 legitur
742 3189 929 3244 reservata.
947 3179 1013 3243 Sed
1029 3179 1106 3260 quia
1122 3200 1181 3263 per
1197 3199 1232 3242 se

148 3263 199 3318 est
211 3257 297 3339 juris
313 3257 436 3339 publici
458 3268 491 3322 et
514 3260 612 3324 facile
634 3263 801 3326 adfurum
820 3270 997 3326 externum
1012 3269 1231 3345 perventura,

147 3341 329 3421 prudenter
368 3343 529 3405 utendum
564 3352 616 3406 est
651 3346 811 3409 facultate
847 3344 1060 3428 dispensandi
1096 3344 1128 3406 in
1158 3344 1232 3407 foro

148 3421 293 3501 interno,
318 3423 419 3486 etiam
443 3424 470 3487 si
489 3427 559 3507 jam
584 3447 648 3490 non
667 3434 735 3490 stat
758 3448 818 3510 per
833 3427 1025 3509 religiosum
1040 3443 1133 3488 reum
1151 3445 1232 3506 quo·

146 3505 256 3568 minus
280 3505 396 3569 redeat
412 3509 465 3569 vel
481 3510 630 3572 inveniat
651 3513 867 3593 Episcopum,
893 3521 971 3589 etc.,
997 3507 1084 3591 quod
1099 3508 1233 3572 videtur

146 3589 269 3668 requiri
293 3597 331 3650 ut
353 3589 528 3653 auferatur
551 3594 776 3656 contumacia.
1060 3645 1063 3648 -

188 3673 219 3750 d)
237 3671 381 3735 Tollitur
393 3674 570 3757 suspensio
586 3695 625 3737 eo
638 3676 710 3759 ipso
734 3676 821 3756 quod
845 3676 1021 3758 religiosus
1040 3673 1177 3738 redierit
1200 3672 1233 3735 in

147 3762 363 3834 conventum,
382 3760 435 3819 vel
458 3757 592 3837 utrique
615 3758 817 3820 satisfecerit
839 3757 1039 3822 condicioni.

189 3839 218 3915 e)
235 3838 286 3899 De
301 3848 422 3920 sponte
438 3839 617 3921 impetatra
634 3840 822 3903 dimissione
838 3842 891 3903 vel
914 3841 1062 3904 discessu
1078 3839 1233 3903 ultroneo

147 3938 252 4012 eorum
275 3922 330 4002 qui
355 3942 414 3984 non
436 3928 507 3984 sunt
531 3923 564 3984 in
590 3923 697 4001 saariS,
726 3923 808 3987 nihil
830 3924 909 3987 novi
931 3929 982 3985 est
1007 3924 1073 3986 hoc
1099 3922 1234 3986 decreto

147 4008 327 4066 sancitum.

191 4111 279 4175 338.
298 4113 469 4190 Quaeres,
497 4112 576 4193 quid
592 4112 620 4174 si
642 4113 814 4175 alumnum
828 4118 930 4196 sponte
944 4111 1146 4195 egredientem
1161 4111 1235 4173 reai-

140 4199 213 4338 pppp
225 4192 507 4338 pipip'ltolppiscopus
531 4195 586 4276 qui
603 4215 644 4257 ex
666 4196 799 4258 Indulto
822 4196 974 4259 subditos
990 4195 1134 4257 ordinare
1147 4199 1236 4275 qureal

188 4377 228 4439 R.
255 4375 398 4438 Videtur
421 4375 608 4458 Episcopus
631 4376 680 4439 uti
702 4395 800 4458 posse
828 4396 890 4439 sua
917 4376 1079 4438 facultate
1106 4375 1238 4459 dispen-

147 4460 241 4522 sandi
255 4459 287 4521 in
304 4459 414 4537 titulo,
434 4458 597 4520 adversus
615 4459 794 4542 religiosos
812 4479 896 4541 quos
912 4460 995 4522 velit
1011 4459 1044 4522 in
1060 4458 1239 4522 dioecesim

1319 3873 1382 3936 Quid
1416 3873 1443 3920 dr

1289 3934 1320 3982 iis
1340 3935 1381 3992 qui
1397 3947 1445 3980 non

1287 3997 1341 4038 sunt
1363 3993 1390 4037 in
1407 4003 1445 4037 sa·

1288 4049 1355 4096 cris?

1320 4159 1384 4220 Quid
1398 4159 1422 4206 si

1290 4217 1407 4265 benevolus
1415 4231 1450 4262 re·

1291 4280 1367 4336 ceptor
1401 4276 1450 4322 dis·

1288 4339 1386 4394 pensare
1398 4338 1451 4392 pos-

1292 4393 1324 4438 sit
1335 4393 1361 4438 in
1373 4392 1451 4440 titula.
