3134 5016
139 397 319 504 [ma-531]
506 443 542 478 na
558 439 709 480 arrrcrosis
725 445 899 480 urssroursus
986 483 989 487 ,
1168 423 1224 485 331

148 637 151 650 ,
177 578 222 641 N.
239 577 281 640 Β.
298 575 433 653 Ριιείιιε,
451 579 489 637 ut
512 575 623 638 animo
639 576 844 639 destinatum
860 583 911 639 est
926 583 959 638 et
975 577 1003 638 si
1015 579 1106 639 Deus
1122 577 1225 656 dabit,

137 668 375 740 argumentum
399 658 489 720 istud
519 658 553 720 in
570 658 728 721 distincto
744 678 845 742 opere
860 660 900 728 de
923 659 1000 740 jure
1024 659 1227 722 missionari-

137 760 233 812 orum
249 760 500 826 persequemur.
524 740 590 802 Hic
606 741 743 806 brevem
760 741 911 804 dabimus
923 761 1088 804 summam
1110 741 1239 804 eorum

139 842 224 906 quae
239 831 340 908 caput
356 843 430 886 esse
445 823 616 895 videntur.

182 909 268 973 529.
286 911 420 970 Fontes
430 907 523 985 juris
536 905 643 968 tribus
657 907 854 987 praesertim
867 906 1082 969 continentur
1095 905 1228 968 Consti·

98 983 102 990 ’
137 988 580 1071 tutionibus.'Religiosorum
591 1008 856 1070 quamcumque,
882 993 992 1051 8nov.
1020 996 1095 1053 1601
1114 989 1136 1067 ¹,
1154 987 1228 1051 Cle·

138 1077 260 1134 mentis
288 1089 372 1149 vr113
402 1070 599 1148 Firmaadis,
633 1094 668 1150 13
700 1091 779 1134 nov.
815 1093 904 1155 1744,
936 1071 1110 1134 Benedicti
1147 1088 1227 1148 x1v3

1309 929 1447 996 'Fontesju-

1288 1000 1340 1035 ris,

137 1151 293 1216 Romanos
305 1154 481 1234 Pontifices,
495 1159 514 1217 8
526 1155 605 1216 maii
621 1161 709 1229 1881,
726 1174 811 1234 quae
827 1153 994 1237 posterior
1008 1153 1226 1233 Constituti0,
1290 1171 1292 1180 ¹

138 1235 232 1319 aSS.
250 1237 363 1298 Leone
378 1238 439 1318 Pp.
456 1253 517 1298 xrrr
534 1236 613 1298 data
629 1257 691 1320 pro
707 1237 828 1317 Anglia
852 1243 885 1299 et
902 1236 1027 1315 Scotia,
1043 1237 1228 1316 formaliter

138 1326 190 1380 est
219 1325 357 1382 extensa
386 1320 429 1382 ad
458 1319 642 1381 Federatos
673 1321 847 1382 Americae
875 1319 1004 1391 Status,
1037 1321 1227 1382 Americam

138 1401 288 1480 latinam,
316 1403 469 1482 regiones
495 1401 686 1478 Indiarum;
703 1409 773 1464 eta
799 1403 959 1465 Romanis
988 1401 1227 1483 Congregatio·

139 1484 237 1546 nibus
252 1504 313 1566 pro
329 1492 491 1567 perpetua
507 1504 627 1547 norma
643 1484 801 1546 habetur,
1169 1496 1172 1502 '

179 1567 342 1628 Adeunda
353 1574 530 1649 praeterea
542 1573 621 1628 sunt
633 1568 729 1629 varia
740 1568 888 1628 Decreta
901 1566 936 1629 S.
947 1565 1228 1648 Congregationis

139 1649 178 1710 de
193 1649 417 1731 Propaganda
432 1649 523 1724 Fide,
538 1650 736 1712 nominatim
753 1670 788 1712 12
801 1668 878 1728 aug.
898 1655 985 1728 1851,
1000 1671 1038 1728 23
1053 1649 1117 1710 feb.
1138 1655 1226 1727 1880,

141 1737 179 1794 28
198 1732 268 1812 jan.
291 1735 379 1808 1886,
404 1731 443 1792 de
459 1730 603 1792 Vicariis
620 1733 823 1812 Apostolicis
840 1738 872 1792 et
886 1731 1104 1794 missionariis
1115 1731 1228 1794 Socie-

138 1813 219 1877 tatis
240 1814 332 1896 Jesu‚
357 1815 510 1893 denique,
534 1832 682 1893 eaquae
705 1813 739 1875 in
768 1813 989 1876 Collectaneis
1018 1815 1119 1897 Prop.
1154 1814 1227 1877 Fid.

141 1895 310 1958 habentur
326 1915 355 1957 e.
377 1917 425 1958 12.
746 1947 749 1952 .

152 1978 154 1980 ’
184 1979 270 2043 530.
296 1981 468 2056 Regimen
495 1980 683 2039 districtus
712 1979 949 2042 ecclesiastici
980 1988 1016 2039 et
1047 1981 1229 2040 missionis

140 2061 341 2138 religiosae,
366 2061 399 2121 in
416 2060 454 2122 iis
470 2061 589 2121 saltem
612 2059 694 2122 locis
710 2061 765 2121 ubi
782 2060 975 2122 hierarchia
999 2061 1229 2140 ecclesiastica

140 2163 206 2204 non
234 2151 284 2204 est
312 2142 481 2218 restituta,
509 2142 602 2223 prius
640 2144 696 2204 uni
723 2143 895 2222 eidemque
921 2151 973 2203 est
1000 2142 1226 2217 commissum,

140 2225 188 2286 ita
213 2233 250 2285 ut
276 2224 434 2287 Vicarius
461 2225 674 2307 Apostolicus
701 2225 798 2290 simul
825 2232 914 2286 esset
940 2225 973 2284 in
1000 2225 1053 2286 his
1076 2225 1228 2306 partibus

139 2307 319 2388 primarius
342 2307 504 2387 Superior
527 2307 691 2387 regularis
706 2308 731 2368 ².
749 2308 875 2369 Verum
899 2307 973 2368 dein
997 2307 1103 2370 satius
1120 2308 1228 2369 visum

139 2395 192 2450 est
205 2389 304 2452 ambo
321 2390 436 2452 munia
451 2409 610 2470 separare
625 2411 632 2467 ;
657 2397 690 2451 et
707 2391 816 2466 hodie,
841 2390 902 2451 nisi
922 2388 1075 2470 specialis
1101 2389 1229 2452 Sacrae

142 2471 421 2553 congregationis
443 2473 589 2538 facultas
605 2474 755 2550 accedat,
774 2473 953 2534 distinctus
972 2472 1228 2534 constituendus

142 2562 193 2617 est
217 2556 378 2637 Superior
409 2556 587 2635 regularis,
620 2556 821 2636 ubicumque
855 2554 968 2616 missio
999 2562 1139 2634 regatur
1168 2574 1229 2636 per

139 2637 282 2717 aliquem
298 2637 548 2720 qui'episcopali
564 2639 761 2700 charactere
774 2639 817 2701 sit
829 2639 1019 2718 insignitus.

180 2721 281 2798 Hinc,
299 2720 407 2783 omnis
429 2722 629 2800 gubernatio
644 2728 677 2783 et
700 2720 933 2782 administratio
960 2720 1137 2783 Vicariatas
1152 2741 1227 2802 per-

140 2803 223 2864 tinet
246 2804 288 2865 ad
310 2823 414 2864 unum
437 2804 611 2865 Vicarium
641 2805 873 2886 apostolicum.
902 2799 1013 2884 Hujus
1040 2805 1227 2866 auctoritas

140 2884 344 2946 ordinariam
368 2885 605 2947 auctoritatem
618 2887 776 2967 Episcopi
792 2887 824 2948 in
841 2906 902 2948 sua
919 2885 1060 2947 dioecesi
1077 2887 1227 2967 proxime

141 2965 303 3026 imitatur.

180 3044 334 3128 Regulari
347 3065 427 3108 vero
439 3045 618 3126 disciplinae
629 3055 763 3127 praeest
776 3068 862 3110 unus
876 3049 1037 3128 Superior
1049 3050 1226 3130 regularis·

141 3129 252 3210 Hujus
264 3129 462 3220 ‘auctoritas
479 3136 530 3190 est
546 3133 641 3208 quasi
668 3129 884 3211 provincialis
901 3151 908 3204 ;
926 3130 1080 3193 subditur
1099 3143 1225 3209 tamen,

1307 2001 1344 2048 De
1355 2004 1425 2060 regim
1430 2004 1448 2047 i·

1288 2073 1317 2106 ne
1327 2061 1449 2107 missionis

1291 2115 1415 2174 religiosae

1289 2175 1360 2220 varia
1378 2173 1448 2221 disci·

1285 2231 1363 2292 plina.

1312 2742 1398 2788 Partes
1409 2742 1451 2787 Vi-

1287 2801 1352 2846 carii
1362 2805 1452 2858 aposto-

1287 2855 1329 2903 lici
1344 2861 1364 2902 et
1381 2857 1450 2916 Supt-

1287 2916 1362 2960 rioris
1388 2929 1451 2972 rega-

1286 2972 1356 3018 iaris.

142 3213 205 3290 nisi
228 3212 342 3274 missio
364 3211 407 3273 sit
422 3211 584 3293 suijuris,
613 3211 787 3292 Superiori
814 3212 1006 3293 provinciae
1034 3213 1087 3275 cui
1115 3213 1228 3275 missio
1293 3277 1295 3282 ,

141 3302 192 3356 est
218 3293 424 3357 concredita.
448 3294 642 3364 instituitur
666 3315 685 3355 a
708 3294 889 3376 Superiore
917 3294 1084 3373 Generali,
1113 3295 1228 3357 audita

133 3377 245 3458 prius,
274 3379 393 3438 saltem
424 3377 457 3438 in
483 3376 699 3448 missionibus
731 3376 911 3439 Societatis
937 3378 1029 3460 Jesu‚
1060 3379 1229 3439 sententia

141 3459 269 3522 Vicarii
302 3459 486 3541 Apostolici
523 3466 556 3521 et
579 3459 769 3541 Superioris
806 3461 1018 3523 Provinciae.
1057 3462 1229 3523 Restituta

141 3542 342 3610 hierarchia,
373 3541 541 3603 sententia
570 3541 727 3623 Episcopi
752 3561 817 3604 non
848 3543 917 3625 jam
948 3551 999 3604 est
1025 3543 1229 3623 exquirenda

143 3627 212 3704 (Pr.
229 3626 267 3687 F.
285 3647 321 3688 21
337 3625 409 3706 jan.
430 3627 534 3705 1895).

185 3709 272 3772 531.
295 3709 463 3769 Condicio
486 3710 597 3784 ipsius
624 3709 801 3771 Instituti.
837 3730 863 3769 1.
892 3707 1087 3769 Institutum
1114 3712 1230 3768 servat

141 3809 203 3850 sua
226 3790 400 3870 privilegia
417 3799 450 3852 et
462 3789 663 3852 nominatim
679 3789 905 3869 exemptionem,
925 3808 1025 3867 quam
1041 3789 1113 3871 ipsi,
1128 3788 1229 3851 etiam

143 3871 175 3932 in
191 3872 304 3953 parvis
319 3872 483 3942 domibus,
502 3871 681 3934 confirmat
699 3871 737 3932 C.
755 3873 911 3932 Romanos
927 3871 1104 3952 Pontifices.

183 3977 214 4016 2.
232 3953 359 4017 Scioiaa
381 3961 408 4015 ei
430 3953 558 4037 collegia
575 3974 660 4034 quae
685 3954 727 4015 ab
750 3954 921 4031 instituto,
946 3956 1130 4017 secundum
1153 3974 1230 4034 pro·

142 4037 250 4116 prium
266 4057 361 4099 suam
377 4036 489 4114 finem,
507 4037 748 4117 suscipiuntur,
766 4040 864 4118 plane
881 4036 998 4100 eodem
1013 4045 1092 4098 sunt
1103 4037 1181 4119 jure
1198 4036 1231 4098 in

143 4117 357 4180 Missionibus
375 4139 440 4199 quo
456 4128 552 4182 extra
568 4121 757 4181 Missiones.

185 4221 214 4278 3.
239 4200 335 4282 Quod
357 4202 385 4262 si
411 4203 443 4262 in
471 4202 621 4283 pluribus
647 4199 808 4283 Episcopi
834 4202 887 4263 vel
909 4201 1036 4263 Vicarii
1056 4200 1232 4283 apostolici

174 4406 331 4466 1Vericelii‚
344 4421 388 4466 op.
402 4421 437 4464 c.‚
451 4422 477 4467 q.
490 4413 527 4465 9'8,
539 4407 566 4454 d.
581 4415 617 4456 26.
631 4434 658 4441 -
669 4408 679 4443 ²
692 4407 773 4454 Decr.
788 4411 853 4453 1851.

1313 3641 1392 3700 Ipsius
1408 3641 1423 3688 I
1425 3657 1451 3686 n·
1466 3685 1473 3698 ,

1284 3702 1452 3804 ppgtutiexemp-

1320 3879 1419 3926 Scholae
1432 3885 1452 3925 et

1291 3936 1397 3995 collegia.

1321 4139 1394 4185 Ratio
1416 4137 1452 4184 de-

1290 4195 1434 4256 pendentiae.
