3148 5004
197 513 330 596 [51-55]
393 535 430 569 nu
446 533 549 574 srnrus
564 532 701 568 strumosi
717 533 812 568 mirus
830 532 864 566 ar
881 531 1082 567 raooaessrsus

191 676 271 733 sunt
297 669 468 750 appellati.
496 667 559 730 His
583 667 751 748 susceptio
775 667 955 728 clericatus
978 673 1029 728 est
1056 667 1144 728 inter
1170 665 1279 728 media

192 753 314 834 quibus
329 753 429 814 finem
447 757 695 832 persequuntur
710 750 761 812 sui
777 749 938 812 Instituti.

235 834 424 898 Clericalus
447 853 540 912 crg0,
565 832 620 912 qui
638 832 814 896 Monachis
836 839 887 892 est
910 830 988 910 quid
1011 831 1237 906 subsecivum,
1259 853 1279 894 a
1362 841 1429 909 Nora
1451 848 1491 904 pe·

193 916 464 978 Mendicantibus
481 935 562 976 vero
575 935 680 994 aeque
695 935 736 977 ac
752 916 869 994 regula
885 913 1080 987 intenditur,
1100 913 1279 976 Canonicis
1333 899 1443 948 ⁶“²²‘'''⁸·

194 1007 227 1060 et
244 998 383 1060 Clericis
397 999 609 1078 regularibus
624 998 662 1059 fit
674 997 920 1078 quodammodo
936 1009 1049 1077 caput,
1067 997 1113 1057 ita
1130 1004 1167 1058 ut
1190 999 1279 1079 apud

193 1101 251 1142 eos
269 1083 379 1161 potius
396 1081 510 1160 regula
526 1080 667 1142 accedat
680 1079 865 1154 clericatui,
881 1098 980 1158 quam
998 1078 1024 1140 is
1042 1081 1190 1158 regulae.

236 1165 297 1228 55.
329 1186 356 1226 1.
380 1164 454 1225 Hoc
477 1162 565 1223 vitae
588 1182 694 1242 genus
717 1160 813 1243 primi
835 1161 979 1243 amplexi
1012 1172 1092 1224 sunt
1125 1161 1274 1230 Tlreatiai
1335 1173 1458 1223 Taenari.

194 1265 279 1325 quos
295 1258 329 1306 a⁰
345 1263 423 1326 1524
437 1244 474 1307 S.
492 1244 650 1306 Gailarrus
666 1245 775 1324 coepit
791 1245 947 1306 condere.

234 1349 265 1392 2.
295 1329 368 1390 Hos
398 1335 602 1408 exceperunt
640 1327 751 1388 clerici
790 1328 961 1400 regulares
998 1325 1183 1388 Soraascleae
1218 1347 1278 1388 seu
1361 1329 1487 1384 Regulam

192 1409 228 1472 S.
244 1408 368 1490 Murali,
387 1429 483 1489 quos,
501 1427 590 1489 1530,
609 1409 644 1471 S.
657 1406 864 1489 Hieronymus
887 1407 1096 1470 AErrriliaarrs
1117 1409 1278 1491 orphanis
1331 1386 1483 1436 S⁰m‘¹⁵⁶²²‘³⁶·
1553 1437 1554 1440 ¹

192 1493 406 1556 instituendis
423 1493 571 1554 devovit.

232 1596 263 1654 3.
279 1574 471 1636 Barnabitae
487 1593 568 1636 vero
580 1574 653 1656 (seu
667 1572 781 1636 Clerici
791 1572 947 1656 regulares
959 1595 978 1634 a
990 1573 1024 1637 S.
1038 1572 1170 1655 Paulo),
1188 1599 1200 1638 r
1205 1594 1276 1655 533,
1331 1582 1482 1630 sarmatiae
1507 1637 1510 1642 ¹

191 1657 369 1719 Mediolani
386 1657 609 1736 modomagis
626 1657 807 1719 universali
831 1657 992 1718 studuere
1015 1657 1181 1737 spirituali
1201 1677 1278 1740 pro·

191 1738 354 1801 ximorum
371 1739 524 1816 utilitati3
538 1739 710 1821 juventuti
735 1739 874 1800 alendae
889 1759 1027 1820 operam
1051 1738 1226 1819 dederunt,
1245 1747 1278 1802 et

186 1822 258 1903 jam
272 1823 415 1900 quodam
428 1829 508 1882 voto
521 1823 561 1883 de
575 1840 641 1883 non
654 1821 839 1884 ambiendis
852 1821 1070 1902 dignitatibus
1083 1842 1119 1883 se
1131 1823 1277 1886 obstrin-

189 1911 325 1966 xerunt.

229 2012 261 2067 4.
278 1987 329 2048 Ad
356 1986 442 2048 hanc
469 1985 667 2068 Religionum
695 1987 836 2048 classem
860 1986 1005 2069 pertinet
1027 1985 1163 2048 Societas
1184 1988 1276 2067 Jesu.
1320 2032 1321 2036 ,
1359 1996 1466 2044 Societas

188 2088 274 2148 quae
297 2082 332 2130 a⁰
352 2087 429 2149 1540
456 2076 493 2129 ut
519 2069 610 2130 Ordo
636 2069 812 2149 religiosus
840 2069 949 2149 coepit
972 2069 1145 2131 exsistere.
1170 2071 1278 2132 Simili
1331 2053 1398 2117 Jesn.

190 2150 259 2212 fere
287 2151 417 2216 ratione
442 2170 508 2230 qua
530 2151 799 2214 Mendicantibus
817 2151 1026 2232 propositum
1051 2151 1113 2212 fuit
1129 2152 1276 2214 haereti·

188 2253 305 2294 corum
336 2234 534 2314 impugnare
561 2241 674 2316 partes
701 2235 865 2312 simulque
891 2253 1007 2294 eorum
1031 2234 1190 2314 repellere
1214 2234 1277 2296 cri-

190 2315 405 2390 minationes
437 2316 582 2377 societas
616 2317 680 2378 ista
713 2317 890 2398 superbiae
920 2315 1187 2394 Neotericorum‚
1220 2317 1276 2396 qui

191 2396 394 2477 abjiciebant
417 2397 591 2479 imperium
607 2399 751 2461 Romani
774 2399 959 2475 PontificiS,
978 2397 1186 2460 contrarium
1203 2419 1276 2482 spe·

189 2478 284 2540 cialis
300 2478 448 2559 obsequii
466 2481 622 2562 opposuit
638 2481 798 2557 studium,
812 2489 846 2542 et
862 2500 928 2560 quo
947 2481 1062 2543 melius
1080 2482 1276 2544 retunderet

189 2561 373 2624 calumnias
387 2561 505 2641 quibus
517 2563 706 2626 Ecclesiam
719 2565 827 2644 turpis
840 2563 1081 2626 insimulabant
1096 2565 1273 2642 avaritiae,

187 2643 395 2724 abjudicavit
410 2665 431 2706 a
452 2665 488 2706 se
501 2647 669 2726 stipendia
690 2666 865 2709 sacrorum
887 2647 1160 2708 ministeriorum.
1180 2649 1275 2730 Quae

186 2745 263 2788 cum
291 2747 352 2788 nec
379 2728 516 2809 proprio
546 2735 699 2790 uteretur
729 2731 859 2804 habitu,
888 2748 949 2790 nec
977 2729 1071 2791 chori
1102 2735 1275 2792 teneretur

185 2809 402 2889 obligatione,
425 2829 486 2870 nec
510 2811 663 2872 sollemni
693 2811 910 2893 professionis
938 2813 1092 2892 pactione
1122 2819 1275 2874 mutuum

174 2891 274 2953 -inter
300 2911 336 2953 se
364 2901 398 2953 et
423 2894 579 2955 alumnos
605 2913 722 2956 omnes
753 2894 927 2955 induceret
955 2894 1139 2968 vinculum,
1172 2895 1274 2957 etiam

187 2973 385 3053 quibusdam
413 2974 589 3036 catholicis
616 2977 697 3038 viris
725 2977 797 3038 visa
820 2982 871 3038 cst
894 2995 914 3036 a
937 2977 1074 3057 propria
1090 2976 1273 3056 Religionis

185 3054 317 3117 ratione
334 3056 488 3133 deficere,
506 3058 676 3139 variisque
693 3059 837 3121 obnoxia
861 3058 1018 3137 querelis
1037 3060 1132 3120 Haec
1156 3061 1273 3122 redar-

184 3137 257 3217 guit
285 3139 515 3218 et'probibuit
542 3140 727 3220 Gregorius
754 3158 826 3218 xttr,
857 3143 898 3202 Β.
916 3139 1101 3203 Ascendeale
1123 3141 1270 3219 Domino,

185 3238 224 3299 25
243 3219 320 3283 maii
342 3226 432 3302 1584.

225 3321 256 3382 5.
272 3303 354 3364 Post
367 3322 452 3381 eam,
466 3317 601 3384 a01591,
615 3304 649 3366 S.
664 3301 818 3365 Camillus
831 3303 867 3363 de
879 3301 1130 3366 Lellisinstituit
1140 3304 1273 3367 Clericos
1333 3365 1337 3374 ,
1355 3307 1472 3353 aramei

183 3384 563 3465 ministroslafirrrrorurrr.
1327 3363 1476 3422 infirmorum

225 3471 255 3528 6.
287 3467 454 3530 Afferendi
484 3471 585 3531 etiam
608 3474 701 3530 sunt:
727 3465 841 3529 Clerici
865 3467 996 3530 minores
1026 3471 1147 3548 (1588),
1188 3489 1271 3549 quos
1355 3476 1443 3543 ¹Clerici

184 3546 220 3611 S.
236 3549 423 3612 Franciscus
439 3548 618 3613 Caracciolo
634 3549 778 3613 instituit
787 3571 795 3624 ;
950 3604 954 3609 .
1325 3548 1437 3582 nrrnores.

170 3679 174 3684 -
225 3649 256 3710 7.
271 3629 382 3694 Clerici
394 3631 569 3695 scholaram
578 3632 714 3713 piarem,
734 3652 877 3713 quorum
891 3631 1049 3695 fundator
1062 3639 1113 3695 est
1130 3633 1164 3697 S.
1179 3633 1271 3714 Jose-
1354 3643 1442 3692 carae

20 3723 41 3774 :³
175 3709 259 3794 plens
280 3712 498 3777 Calasaaclius
516 3718 640 3796 (1617);
1320 3702 1458 3819 {mum

141 3828 143 3834 π
224 3801 256 3858 8.
274 3796 389 3858 Clerici
407 3796 565 3880 regulares
591 3818 610 3858 a
633 3798 735 3859 Matre
750 3796 812 3859 Dei
827 3799 947 3875 (1628).
1354 3798 1457 3890 aff..

221 3877 430 3960 Regularr'bus
446 3879 562 3942 clericis
577 3880 725 3942 studium
748 3881 1088 3963 paupertatiS‚qt1am
1112 3881 1270 3945 Christus
1324 3902 1440 3958 reparares
1464 3916 1480 3947 a

181 3961 376 4041 apostolicis
392 3962 474 4024 viris
491 3963 749 4041 commendavit,
773 3962 907 4025 minime
931 3962 1153 4043 repugnabat.
1174 3965 1270 4029 Unde
1324 3960 1405 4005 Matre
1422 3959 1478 4006 Der.

179 4044 362 4106 nonnullae
374 4044 565 4124 Religiones
579 4045 779 4107 clericorum
792 4045 1011 4126 regularium,
1025 4046 1127 4109 etiam
1138 4051 1269 4128 pauper·
1350 4049 1433 4116 Plures
1453 4063 1480 4096 ex

179 4129 272 4186 talem
302 4125 335 4186 iri
361 4129 516 4188 communi
541 4134 620 4189 sunt
648 4127 788 4209 professi
811 4140 844 4189 et
867 4127 914 4188 sic
942 4128 1041 4190 simul
1065 4131 1269 4193 exstiterunt
1323 4105 1483 4212 ΞΞΞΞΞᾝΞΞΞΞ

179 4208 359 4288 religiones
375 4210 650 4287 Mendicantium,
668 4209 833 4290 quamvis,
851 4209 929 4290 quia
946 4212 1127 4292 praecipua
1151 4231 1269 4277 eorum
1323 4227 1409 4270 cantes.

179 4288 322 4352 intentio
338 4289 511 4354 ferebatur
537 4293 570 4368 in
596 4293 805 4373 spiritualem
823 4292 1051 4374 proximorum
1075 4295 1267 4373 utilitatem,

178 4371 443 4436 Mendicantium
459 4375 594 4437 nomine
610 4394 676 4436 non
693 4375 926 4438 definirentur.

221 4454 308 4518 AS.
332 4455 391 4517 Pio
417 4473 451 4534 v,
479 4476 538 4539 per
560 4459 694 4519 Bullam
721 4457 809 4519 Dara
833 4456 1012 4536 indefessae,
1042 4458 1142 4539 7jul.
1175 4479 1265 4540 1571,

179 4535 334 4599 Societas
348 4539 430 4622 Jesu
447 4539 617 4601 declarata
633 4546 685 4601 est
701 4539 793 4602 Ordo
809 4540 1019 4604 Mendicans.
