3148 5004
177 492 359 573 [389-443]
470 447 475 457 ·
626 513 726 548 sunna
746 513 846 550 neuun
1198 493 1270 556 XXI

1184 627 1217 668 Pa
1234 628 1270 669 ina

341 703 358 784 ξ
378 724 405 766 1.
430 704 512 786 Quot
526 702 590 764 sint
601 721 711 784 genere
736 701 913 784 Superiores
928 709 956 764 et
971 701 1145 783 Officiolas;
1160 711 1188 767 rt
1218 641 1233 679 g

466 795 616 872 quomodo
638 796 863 859 constituantur
899 844 1184 862 ......
1209 823 1269 884 244

206 926 329 989 Quinam
339 924 394 975 sint
405 924 534 980 Praelati,
548 925 716 986 Superiores,
730 925 877 981 Officiales,
889 945 941 984 411.
953 955 982 964 -
994 929 1184 976 Praelatorum

178 1011 287 1059 genera,
306 1015 358 1054 412.
379 1024 408 1032 -
427 995 564 1044 Officiales
585 995 632 1056 qui
652 995 847 1056 Superioribus
865 997 1061 1059 adjunguntur,
1080 1005 1132 1057 413.
1154 1025 1183 1034 -
1280 1048 1282 1052 ,

179 1066 358 1127 Superiorum
370 1065 544 1126 constitutio,
556 1083 609 1124 414·

343 1177 360 1259 ἓ
382 1199 410 1242 2.
436 1176 484 1240 De
513 1177 640 1239 Munere
668 1175 868 1257 Superiorem
893 1182 921 1239 et
942 1175 1133 1256 Officiaiium
1154 1177 1187 1239 in

549 1270 719 1332 Ordinibus
740 1273 878 1333 uirorum

259 1406 285 1468 Ι.
309 1406 361 1468 De
378 1403 615 1488 jurisdictione
637 1403 785 1466 Praelati
809 1403 974 1485 regularis
1002 1403 1179 1469 Ordinarii.
1208 1425 1268 1486 247

202 1533 406 1590 Jurisdictionis
416 1533 573 1583 ordinariae
583 1538 691 1582 natura.
703 1560 732 1568 —
743 1534 900 1583 Facultates
911 1534 1054 1595 speciales
1068 1539 1121 1593 ⁴13·

259 1645 299 1707 A.
315 1644 367 1706 De
379 1643 615 1724 jurisdictione
632 1641 696 1704 fori
713 1641 837 1704 interni
842 1689 1182 1708 .......
1207 1650 1267 1728 248

206 1773 357 1834 Deputatio
369 1772 615 1830 confessariorum,
627 1782 679 1830 416.
692 1798 722 1808 -
732 1773 894 1822 Reservatio
904 1786 1028 1830 casuum,
1040 1789 1093 1831 417·

259 1883 300 1946 B.
330 1883 382 1950 De
406 1881 643 1966 jurisdictione
674 1901 760 1962 quae
791 1882 833 1943 ad
863 1887 1044 1963 utrumque
1074 1880 1184 1944 forum

378 1977 615 2060 quadantenus
631 1977 777 2058 pertinet
790 2023 1183 2041 ........
1207 1995 1266 2060 249

202 2108 346 2158 Absolutio
357 2122 374 2156 a
385 2106 516 2162 censuris.
527 2115 579 2164 418.
592 2133 621 2141 -
630 2106 834 2167 Dispensatioa
845 2107 951 2167 poenis,
963 2125 1015 2165 419·
1028 2133 1056 2140 —
1066 2105 1180 2166 Dispen-

174 2179 244 2228 satio
254 2178 293 2228 ab·
306 2177 564 2240 irregularitatibus,
577 2195 630 2236 420.
651 2205 678 2214 —
697 2179 821 2226 Potestas
839 2177 959 2239 gratiosa
970 2177 998 2224 in
1009 2175 1176 2233 universum,

174 2247 351 2308 dispensandi
369 2248 398 2296 in
413 2247 529 2307 legibus,
541 2248 620 2306 voris,
634 2249 736 2310 regula,
754 2266 806 2306 421.
819 2275 848 2282 —
864 2248 987 2296 Potestas
998 2245 1179 2295 benedicendi

177 2322 340 2376 paramenta
351 2318 502 2372 Ecclesiae,
516 2336 567 2374 422.

261 2423 299 2486 C.
317 2424 369 2486 De
381 2425 610 2520 jurisdictione
625 2427 689 2491 fori
705 2427 833 2490 externi
839 2472 1177 2491 .......
1203 2446 1262 2509 252

206 2551 323 2602 Cuinam
338 2560 475 2614 competat
491 2561 611 2615 potestas
627 2556 730 2605 ferendi
743 2559 824 2618 leges,
843 2566 896 2616 423.
908 2585 937 2593 —
948 2559 1092 2620 Quaenam
1103 2571 1178 2617 prae·

174 2623 243 2745 1144ὲί
244 2629 385 2756 iffi?
401 2631 520 2685 potestas
533 2627 688 2686 judicandi,
706 2627 851 2687 puniendi,
867 2628 1024 2677 removendi
1038 2629 1178 2677 Praelatos

432 2772 676 2854 Parergon.Dc
691 2772 807 2856 poenis
824 2772 1008 2836 canonicis.
1057 2818 1064 2835 .
1111 2818 1120 2836 .
1167 2793 1259 2855 ‚253

202 2899 356 2949 Poenarum
366 2901 443 2950 notio
453 2910 480 2951 et
490 2902 646 2962 divisiones
650 2941 655 2952 .
666 2903 848 2964 -Quomodo
859 2916 963 2962 poenae
972 2904 1111 2960 tollantur,
1124 2911 1176 2962 426.

172 2994 201 3003 -
211 2969 354 3030 Quomodo
365 2970 549 3021 decernantur
558 2979 586 3022 et
600 2973 816 3030 committantur,
828 2989 880 3032 427·
892 3000 921 3009 -
936 2974 1029 3023 Poena
1040 2987 1111 3033 quae
1124 2986 1174 3021 usu

173 3039 285 3088 veniunt
295 3039 324 3088 in
334 3038 418 3090 rebus
430 3039 619 3104 Regularium,
631 3053 684 3100 428.

253 3168 296 3231 ΙΙ.
333 3168 385 3231 De
415 3170 649 3233 Praelatorum
686 3176 853 3254 potestate
882 3171 1090 3234 dominativa
1120 3189 1179 3231 seu

377 3266 472 3347 quasi
495 3266 679 3332 domestica
730 3312 1178 3333 .........
1205 3285 1261 3346 ³55

199 3394 308 3454 Duplex
318 3408 436 3455 persona
447 3396 602 3456 Superioris
614 3404 644 3447 ut
654 3403 696 3446 est
706 3397 861 3462 praelectus
876 3396 996 3446 sodalitii
1009 3401 1036 3444 et
1046 3395 1174 3455 spiritua·

170 3465 203 3514 lis
224 3466 316 3524 Pater,
338 3484 391 3525 429·
413 3493 442 3501 -
462 3468 609 3516 Potestatis
627 3468 782 3528 Superioris
802 3482 857 3528 qua
879 3468 942 3516 talis
959 3467 1036 3515 varia
1056 3465 1174 3524 objecta.

169 3535 341 3586 Nominatim
359 3539 470 3598 regulae
487 3538 711 3595 denuntiationis,
732 3538 842 3598 publice
858 3537 1054 3598 praecipiendi,
1072 3545 1124 3595 430.
1147 3564 1176 3572 -

170 3608 295 3656 Potestas
306 3609 460 3668 Superioris
471 3609 499 3657 in
510 3616 645 3670 quantum
655 3615 696 3657 est
707 3611 797 3666 Pater,
810 3618 863 3667 431.

252 3731 310 3795 III.
334 3733 385 3795 De
408 3734 643 3796 Praelatorum
666 3732 965 3796 Administratione
987 3732 1174 3814 temporali.
1199 3753 1258 3815 257

198 3857 357 3919 Subiectum
368 3860 482 3910 dominii
495 3867 521 3910 et
532 3861 788 3918 administrationis,
800 3869 853 3919 432·
867 3888 894 3897 —
905 3862 1036 3922 Sumptus
1047 3861 1172 3921 exigendi

168 3927 203 3975 ad
216 3926 332 3977 instituti
341 3929 484 3987 rationem,
494 3939 547 3988 433.
560 3931 695 3979 -Modus
704 3944 767 3979 suos
779 3930 924 3987 tractandi,
936 3939 988 3989 434.
1001 3958 1029 3966 -
1041 3930 1172 3978 Faciendi

168 3997 365 4058 eleemosynas,
382 4004 435 4056 435.
452 4027 481 4035 -
497 4000 539 4047 De
554 3999 720 4048 alienatione
731 3998 880 4056 bonorum:
894 3999 1048 4060 Exponitur
1060 4002 1171 4048 Extrav.

167 4066 322 4121 Ambitiosae,
343 4075 395 4125 43⁶·
414 4096 443 4104 —
462 4071 504 4117 De
514 4069 681 4118 alienatione
696 4071 848 4127 nominum,
866 4078 918 4128 437.
932 4097 960 4105 -
972 4071 1014 4118 De
1030 4084 1174 4118 munerum

167 4136 320 4198 largitione,
329 4146 382 4196 433.
395 4166 424 4175 -
435 4141 477 4188 De
487 4139 677 4188 conlocatione
687 4140 831 4200 pecuniae,
843 4149 896 4200 439.

249 4261 308 4324 IV.
324 4261 377 4324 De
392 4260 653 4343 obligationibus
668 4261 903 4324 Praelatorum
920 4261 1125 4342 regularium
1164 4305 1173 4325 .
1198 4268 1258 4325 262

196 4391 238 4438 De
248 4388 416 4451 quibusnam
431 4391 649 4454 obligationibus
665 4392 764 4454 agitur,
775 4412 828 4451 440·
841 4419 869 4427 -
881 4390 1018 4440 Prolessio
1029 4388 1103 4447 fidei,
1118 4408 1170 4450 441·

166 4467 195 4496 -'-
206 4459 345 4523 0bligati0
354 4463 450 4513 litandi
463 4465 523 4513 Deo
533 4478 583 4524 pro
594 4463 702 4521 ovibus,
714 4483 767 4523 442·
780 4492 807 4500 —
815 4461 946 4512 Visitatio
956 4463 1062 4519 domus,
1075 4468 1125 4519 443.
1141 4488 1169 4496 -
