3138 5014
164 478 348 559 [433-436]
510 501 547 535 ua
568 500 744 536 araanscsrn
762 501 914 538 rnrsruoau
1192 478 1252 544 ⁹259

199 650 224 691 1.
249 629 453 694 Alienationis
479 634 602 691 nomine
629 635 711 692 venit
735 635 835 692 omnis
862 644 946 692 actus
968 652 1028 710 quo
1054 635 1184 714 alicujus
1210 639 1253 695 rei

161 716 330 776 dominium
353 717 400 775 vel
420 715 595 776 transfertur
613 719 652 775 ad
677 718 804 776 alterum
824 719 882 789 vel,
903 736 1045 776 concesso
1064 718 1133 796 jure
1156 719 1251 790 inre,

124 823 126 830 ·
161 800 355 860 deminuitur.
370 801 424 859 Est
436 820 506 876 ergo
520 803 661 874 venditio,
677 803 808 872 donatio,
826 803 1016 877 permutatio,
1040 819 1091 878 per
1103 820 1135 860 se
1159 811 1253 860 trans*-

162 884 275 956 acti01,
297 886 471 960 pigneratio‚
497 887 684 962 hypothecae
705 889 752 944 vel
774 887 923 945 servitutis
943 886 1078 960 passivae
1099 883 1252 956 admissio,

122 1013 126 1020 .
162 985 271 1026 census
284 970 371 1027 realis
389 971 573 1041 constitutio,
590 972 705 1028 activae
726 971 876 1028 servitutis
896 970 1044 1028 remissio.
1060 968 1118 1026 His
1136 969 1254 1026 additur

1318 675 1320 678 .
1331 636 1465 706 alienatio·

1307 708 1347 742 ms
1361 700 1436 752 notro,

1307 835 1310 840 ·
1336 806 1460 866 Exempla.

163 1052 271 1111 locatio
297 1055 327 1110 in
353 1063 473 1129 tempus
497 1054 686 1128 diuturnum,
713 1055 811 1128 qualis
833 1056 1022 1114 existimatur
1042 1055 1150 1112 locatio
1177 1054 1254 1111 ultra
1319 1106 1320 1109 ,

163 1133 328 1198 triennium
346 1135 556 1218 fructiferum.
580 1138 703 1216 (Quare,
717 1140 742 1197 si
762 1158 840 1214 quae
867 1141 947 1198 bona
973 1157 1035 1198 non
1063 1139 1094 1196 in
1118 1138 1254 1212 singulos

163 1237 259 1278 annos
271 1223 322 1279 sed
336 1223 367 1279 in
381 1223 467 1281 binos
480 1224 540 1281 sint
551 1221 701 1298 frugifera,
717 1225 748 1281 in
762 1225 940 1282 sexennium
955 1223 1047 1282 locari
1061 1223 1209 1298 possunt.)
1277 1239 1279 1244 ·

199 1303 320 1382 Contra,
341 1325 402 1364 non
423 1308 536 1366 alienat
557 1309 636 1382 «qui
650 1309 808 1367 occasione
827 1309 1001 1384 acquirendi
1014 1326 1076 1366 non
1096 1307 1214 1365 utitur2
1228 1326 1253 1374 a,

164 1405 220 1446 nec
239 1391 324 1462 proin
339 1391 390 1465 qui
409 1408 470 1452 non
485 1403 619 1467 acceptat
633 1392 828 1451 donationem
852 1411 934 1451 mere
957 1392 1100 1461 oblatam,
1121 1391 1254 1463 legatum

164 1472 201 1529 ad
220 1473 298 1546 quod
319 1475 455 1533 nondum
475 1475 531 1548 ipsi
545 1485 608 1533 erat
616 1475 687 1552 jus;
703 1477 754 1552 qui
769 1495 830 1534 non
846 1479 938 1535 utitur
951 1475 1125 1550 exceptione
1138 1472 1255 1549 quajue

1340 1316 1412 1385 Quid,
1429 1320 1453 1365 si

1308 1389 1427 1435 acquirere

1308 1433 1413 1492 negligas
1422 1434 1435 1481 Β

163 1555 284 1628 aliquod
297 1558 498 1632 acquireretur
517 1559 564 1616 vel
584 1560 691 1617 rediret
703 1560 741 1617 ad
761 1560 940 1631 Ecclesiam,
955 1578 1010 1619 nec
1023 1559 1074 1634 qui
1094 1559 1172 1616 hanc
1185 1554 1256 1613 facit
1341 1569 1344 1575 '

165 1641 398 1700 transactionem
417 1660 477 1716 qua
496 1644 599 1700 minus
616 1645 743 1718 acquirit
758 1645 842 1702 nullo
854 1655 956 1702 autem
972 1645 1040 1723 jure
1058 1641 1254 1701 deminuitur.

168 1720 204 1779 C.
218 1721 409 1795 d’Annibale,
424 1719 598 1795 Surremula,
610 1743 654 1796 111,
668 1728 714 1785 80.

200 1799 368 1865 Pecuniam
377 1810 515 1866 reuiuern
525 1809 576 1883 qui
586 1811 732 1883 acceperit
744 1829 805 1868 non
816 1812 931 1869 videtur
943 1810 1100 1869 alienasse.
1116 1809 1151 1867 C.
1162 1806 1255 1866 d’An·

170 1888 281 1958 nibale,
307 1891 422 1963 eodem,
444 1909 480 1950 ex
503 1893 523 1950 l.
546 1909 573 1967 3.
594 1894 629 1952 C.
652 1891 781 1974 erendo
799 1913 834 1955 ex
845 1892 932 1974 fecto
954 1891 1103 1964 interisti.
1119 1903 1183 1966 v,t.
1197 1893 1254 1968 39).

166 1971 231 2030 Nec
249 1974 362 2047 species
386 1985 519 2034 mutatur
543 1977 568 2034 si
582 1978 759 2037 solvendum
779 1980 817 2038 sit
836 1980 990 2037 modicum
1009 1977 1096 2036 fenus
1114 1985 1136 2035 ³.

201 2055 345 2116 Similiter
357 2058 488 2117 alienare
502 2078 563 2118 non
578 2062 694 2120 videtur
707 2063 758 2120 sed
779 2064 880 2120 minus
893 2061 1020 2138 perfecte
1039 2060 1190 2134 acquirere
1205 2058 1256 2131 qui
1274 2090 1277 2096 =

167 2142 347 2216 praediave}
357 2143 446 2201 aedes
464 2145 554 2203 simul
565 2146 638 2204 emit
651 2156 680 2204 et
694 2147 807 2220 obligat
824 2146 967 2204 solvendo
979 2162 1047 2203 aere
1061 2146 1160 2201 alieno
1175 2142 1255 2216 quod

166 2226 204 2282 ad
217 2227 436 2285 numerandam
456 2229 541 2302 pretii
554 2231 714 2303 pecuniam
730 2229 817 2289 fuerit
835 2239 1035 2288 contractum.
1053 2226 1258 2287 confirmatur

166 2306 252 2365 dictis
279 2317 300 2366 a
325 2307 382 2368 Del
410 2309 504 2384 Bene,
524 2308 572 2371 De
599 2308 807 2385 Immrrnimte,
826 2323 884 2372 etc.
905 2331 931 2371 c.
949 2327 991 2387 17,
1016 2312 1054 2370 dr
1067 2311 1096 2382 8,
1115 2329 1146 2368 n.
1160 2324 1209 2385 7-9
1228 2317 1258 2366 et

167 2389 357 2463 aLeurenio,
372 2388 435 2472 Jus
447 2409 566 2466 carrera,
581 2395 601 2454 l.
615 2411 643 2469 3,
659 2413 689 2468 q.
707 2411 769 2472 151.
1229 2453 1232 2458 .

203 2475 267 2534 Nec
289 2477 437 2536 alienatur
455 2480 563 2538 domus
582 2480 654 2537 dum
675 2481 712 2538 ad
732 2497 803 2538 eum
818 2481 912 2540 redire
931 2480 1038 2539 sinitur
1050 2478 1101 2554 qui
1115 2495 1151 2536 ex
1171 2484 1257 2552 pacto

167 2561 425 2620 retrovenditionis
434 2561 486 2640 jus
499 2563 628 2622 habebat
642 2581 710 2622 eam
721 2582 822 2623 rursus
836 2566 968 2624 emendi.

201 2639 596 2708 Loeair'orrr'sconducir'orer's
618 2649 689 2706 satis
708 2650 841 2708 solemus
861 2651 939 2708 hanc
958 2647 1146 2723 frequentare
1170 2645 1258 2704 ratio·

168 2743 239 2784 nem
261 2745 320 2800 qua
338 2729 369 2786 in
389 2747 498 2788 novem
519 2748 616 2790 annos
634 2750 705 2807 ager
723 2734 770 2792 vel
790 2735 900 2792 domus
912 2735 1116 2792 concedantur
1135 2729 1257 2810 utenda,

168 2811 209 2868 ita
234 2821 336 2871 tamen
363 2823 396 2872 ut
420 2827 486 2891 post
510 2817 631 2876 tertium
657 2828 686 2875 et
713 2829 831 2877 sextum
859 2837 975 2877 annum
1000 2830 1126 2892 utraque
1152 2832 1220 2890 pars
1241 2830 1259 2869 a

168 2897 307 2967 pactione
319 2898 456 2957 recedere
470 2903 571 2974 possit.
586 2901 738 2977 Obligatio
753 2914 824 2961 tunc
835 2923 866 2962 re
877 2923 946 2962 vera
956 2904 1043 2962 tertio
1053 2902 1156 2960 finitur
1165 2915 1258 2956 anno.

170 2977 269 3052 Quare
291 2983 442 3056 stipulatio
466 2986 524 3043 ista
549 2987 800 3046 sollemnitatibus
823 2990 1012 3047 alienationis
1034 2989 1075 3046 rei
1096 2985 1260 3045 immobilis

145 3063 298 3130 ‚obnoxia
322 3084 384 3123 non
409 3068 534 3128 videtur.
561 3068 606 3127 Ita
630 3072 721 3128 etiam
744 3072 886 3143 Ferraria,
911 3092 941 3131 v.
966 3067 1131 3140 Alierratr'O,
1153 3079 1208 3128 art.
1232 3085 1260 3142 3,

169 3163 202 3204 n.
227 3162 279 3218 103
301 3146 409 3220 Bouix,
438 3168 488 3225 op.
508 3153 557 3212 cit.
578 3163 600 3211 t.
615 3171 642 3224 2,
657 3173 687 3227 p.
708 3173 771 3230 292,
792 3173 825 3230 3;
848 3155 1157 3225 Ballerini·Palmieri,
1179 3149 1262 3230 Opere

169 3223 256 3289 theol.
269 3240 304 3290 tr.
326 3248 369 3304 11,
392 3251 421 3291 c.
434 3251 461 3305 2,
478 3252 509 3293 n.
528 3236 593 3310 478.
615 3236 737 3295 Frustra
756 3249 903 3313 repugnat
916 3238 1025 3310 Zitelli,
1048 3255 1121 3295 narn
1142 3252 1261 3309 prorsus

169 3314 433 3390 sineargumento.
454 3315 608 3378 Immerito
629 3331 731 3378 autern
755 3323 885 3398 appellat
909 3322 1027 3394 Garzia,
1050 3317 1099 3379 De
1113 3315 1262 3396 beneficiis

170 3416 200 3473 p.
220 3415 248 3470 2,
263 3418 290 3459 c.
307 3416 333 3460 1.
347 3399 377 3459 Is
389 3403 471 3461 enim
485 3404 547 3477 agit
559 3403 595 3461 de
608 3414 762 3462 contractu
783 3407 814 3464 in
828 3405 963 3465 fraudem
978 3406 1062 3479 legis,
1079 3421 1138 3478 quo
1153 3403 1261 3461 locatio

170 3483 202 3539 in
215 3499 325 3542 novem
344 3503 441 3543 annos
460 3487 550 3544 verbo
569 3496 657 3546 tenus
675 3489 828 3546 dicebatur
846 3499 890 3547 tot
909 3500 1045 3547 constare
1065 3486 1262 3546 locationibus

170 3578 243 3638 quot
261 3579 360 3627 essent
378 3570 516 3641 triennia,
538 3571 584 3628 vel
605 3572 762 3646 promissio
783 3572 875 3631 fiebat
894 3574 1001 3631 iterum
1017 3572 1123 3629 iisdem
1147 3569 1263 3643 legibus

171 3659 237 3723 post
246 3652 366 3712 tertium
379 3671 495 3714 annum
508 3657 687 3731 paciscendi.
696 3657 746 3716 Sic
756 3659 848 3717 etiam
859 3659 985 3731 Molina,
997 3655 1044 3716 De
1053 3651 1261 3728 coniracir'brrs,

172 3733 202 3792 d.
216 3733 280 3808 466,
295 3755 329 3795 n.
344 3754 388 3797 11.

206 3835 234 3877 2.
253 3815 438 3895 immobilia,
468 3835 584 3898 praeter
612 3827 734 3900 praedia
754 3836 783 3885 et
802 3828 901 3898 aedes,
922 3835 994 3884 sunt
1013 3826 1104 3884 etiam
1126 3843 1161 3884 ea
1185 3842 1262 3898 quae

171 3900 264 3962 fundo
291 3907 461 3980 cohaerent,
485 3920 519 3968 ut
544 3912 664 3970 arbores
689 3909 857 3987 frugiferae,
881 3912 928 3970 vel
955 3911 1020 3990 ejus
1044 3911 1165 3969 utilitati
1192 3919 1263 3967 sunt

172 3990 316 4054 stabiliter
325 3993 453 4066 addicta,
467 4004 501 4053 ut
517 4008 642 4070 possunt
665 4013 730 4055 esse
745 3998 886 4074 jumenta
907 4007 936 4057 et
956 4006 1105 4057 armenta.
1115 3994 1177 4055 Cfr.
1195 3994 1260 4053 Mo-

173 4073 246 4145 lina,
264 4075 293 4135 d.
307 4076 371 4152 465,
389 4097 420 4138 n.
435 4096 463 4154 4.
506 4093 508 4097 ·

179 4219 498 4234 ¹¹*——=u-—--

202 4301 210 4329 ¹
222 4301 253 4350 C.
267 4302 301 4352 de
311 4305 398 4368 Lugo,
411 4305 430 4356 l.
442 4319 466 4356 c.
480 4322 508 4357 n.
521 4316 572 4366 187.

201 4374 256 4422 ²1..
269 4382 305 4433 28,
319 4377 354 4424 D.
365 4379 403 4427 De
418 4379 546 4428 Verborum
556 4375 739 4440 Sigm'fieelt'onc
749 4381 791 4438 (L,
806 4382 851 4440 16).

201 4444 319 4508 ³i‘lures
335 4447 448 4507 quidem
466 4449 518 4498 scri
542 4464 613 4499 tores
628 4450 751 4499 severius
762 4453 902 4512 postulant
918 4450 964 4519 huic
978 4446 1185 4520 beneplacitum
1200 4461 1264 4517 ,³90³

174 4501 309 4552 siolrcum.
330 4505 372 4554 De
392 4519 447 4567 qua
457 4521 487 4556 re
506 4464 556 4558 cfr.
580 4509 806 4569 Supplementum
827 4525 843 4558 x
863 4511 976 4560 alterius
997 4517 1073 4562 tomi.

1324 1829 1355 1876 si
1365 1833 1469 1876 nrrtlttam

1310 1890 1413 1956 accipies
1434 1891 1469 1947 pe·

1310 1959 1421 1998 curram:

1341 2087 1429 2145 Empta

1311 2144 1397 2202 obliger

1307 2201 1407 2261 praedia
1417 2215 1425 2252 ;

1340 2366 1371 2412 st
1381 2367 1449 2413 siros

1244 2427 1246 2432 '
1312 2423 1442 2472 uendentem

1312 2483 1348 2529 uti
1359 2483 1414 2541 jure
1431 2494 1472 2528 stre

1312 2541 1470 2600 reiroemptt'o·

1312 2600 1351 2647 rtis
1360 2599 1373 2646 ἓ

1316 2709 1317 2712 =
1343 2679 1407 2742 Quid
1419 2681 1443 2728 εἷ
1463 2737 1466 2742 ,

1314 2739 1371 2788 loces
1390 2741 1416 2786 r'a
1431 2752 1473 2786 no-

1313 2812 1362 2846 vem
1373 2809 1450 2844 annos

1314 2870 1364 2904 eum
1372 2854 1473 2915 faculta-

1315 2919 1335 2961 te
1357 2911 1475 2960 recedendi

1310 2977 1364 3032 post
1376 2977 1421 3018 ires
1431 2985 1474 3018 en·

1315 3044 1357 3078 ros
1366 3030 1379 3077 f

1346 3838 1421 3909 Notio
1443 3853 1477 3885 re·

1318 3914 1370 3947 rum
1395 3911 1477 3946 emmo·

1318 3958 1411 4006 biliam.
