3148 5004
153 458 331 540 [tw-154]
380 451 740 522 ou'Juruorcaracurrnra
755 477 939 514 incauursnnr
955 475 1130 512 tartaronum
1198 449 1239 516 93

154 675 156 680 ,
188 609 284 673 Breve
297 631 384 687 porro
399 623 529 686 tempus,
553 613 632 687 quod
645 612 676 668 in
697 611 802 669 morali
826 619 960 669 versatur
977 611 1207 680 existimatione,
1222 624 1240 666 a

153 695 421 773 Schmalzgrueber
438 695 580 755 definitur
600 696 718 753 duobus
731 697 777 752 vel
791 696 884 753 tribus
904 696 1003 753 annis.
1018 693 1079 753 err.
1095 695 1193 769 ipsum
1209 697 1240 753 in

154 782 174 840 ¹·
187 797 215 855 3,
230 793 251 840 t·
265 799 310 856 32,
323 801 354 839 n·
370 797 415 856 37·

187 881 205 921 a
228 860 282 923 Ex
287 861 361 944 jure
369 860 508 944 positiva
525 864 665 937 gravibus
683 864 787 937 poenis
799 864 968 936 plectuntur
982 864 1002 921 ii
1017 865 1068 939 qui
1081 865 1112 921 in
1126 863 1240 937 religio·

154 965 224 1004 nem
243 949 420 1006 admiserint
429 948 558 1023 juvenes
569 959 621 1005 aut
644 949 723 1004 viros
735 947 853 1004 adultos
874 948 925 1020 qui
938 948 997 1004 sint
1019 971 1032 1001 ‹
1047 948 1161 1022 ingenti
1170 955 1241 1004 acre

154 1031 251 1089 alieno
265 1049 355 1105 supra
375 1033 452 1089 vires
473 1029 650 1089 facultatum
672 1049 794 1088 suarum
813 1033 968 1105 gravati».
989 1029 1048 1090 Csr.
1066 1033 1100 1090 C.
1116 1031 1191 1090 sixti
1208 1047 1239 1102 v,

157 1108 238 1173 Cum
247 1112 282 1172 dc
291 1111 429 1174 omnibus
442 1113 486 1191 §4
496 1127 526 1174 et
538 1131 555 1191 5
569 1114 673 1192 (1557),
687 1128 882 1188 temperatam
893 1115 927 1173 C.
938 1111 976 1174 In
986 1117 1126 1195 suprema
1137 1115 1240 1185 uduo),

156 1198 320 1258 Clementis
332 1218 396 1260 vrrr.
412 1200 592 1259 Sanctioncs
606 1202 680 1260 istae
691 1197 845 1275 positivae,
860 1219 937 1276 quae
949 1203 1111 1273 respiciunt
1122 1209 1240 1256 tantum

155 1284 285 1342 virorum
307 1286 473 1358 ingressum
497 1300 527 1344 et
541 1286 714 1360 Religiones
728 1304 826 1360 presse
840 1288 923 1357 tales,
940 1286 980 1343 ita
993 1285 1120 1360 benigne
1133 1303 1150 1342 a
1163 1283 1241 1342 Doc-

154 1369 266 1428 toribus
289 1371 503 1445 intelliguntur,
531 1381 562 1428 ut
587 1389 655 1429 aere
673 1371 773 1428 alieno
795 1371 909 1445 gravati
928 1372 987 1428 sint
1009 1371 1029 1428 ii
1048 1381 1166 1428 tantum
1190 1371 1241 1444 qui

152 1453 234 1526 gravi
248 1455 336 1527 culpa
349 1472 404 1511 sua
417 1456 455 1512 ad
469 1456 524 1513 has
537 1455 646 1513 redacti
661 1455 721 1511 sint
742 1455 906 1528 angustias.
922 1453 1021 1512 Immo
1039 1456 1071 1513 hi
1085 1456 1187 1525 etiam,
1209 1464 1242 1512 ut

152 1536 251 1608 plures
272 1539 388 1610 volunt,
413 1557 474 1596 non
495 1539 560 1616 jam
584 1549 655 1596 sunt
675 1539 846 1612 repellendi,
869 1539 893 1596 si
909 1540 1010 1597 omnis
1032 1557 1100 1614 spes
1122 1539 1243 1596 tollatur

153 1620 308 1679 solutionis
330 1623 360 1680 in
381 1624 492 1682 seculo.
514 1623 559 1680 Ita
578 1623 767 1693 'l‘amburini‚
781 1620 829 1681 De
841 1621 910 1702 jure
923 1620 1074 1694 abbatum,
1090 1642 1135 1683 111.
1150 1625 1179 1683 d.
1193 1625 1238 1700 69,

156 1719 183 1778 3,
198 1724 228 1764 n.
244 1723 287 1778 11,
302 1709 350 1764 cui
364 1719 511 1782 repugnat
524 1707 621 1764 Bouix
636 1725 656 1778 1,
672 1726 700 1781 p.
715 1723 845 1783 534-537.

199 1805 242 1870 N.
270 1807 312 1870 Β.
339 1808 384 1872 Ut
407 1807 520 1870 omnia
548 1806 733 1890 prudenter
755 1809 850 1886 fiant,
868 1810 932 1872 erit
947 1807 1048 1871 etiam
1074 1810 1241 1873 inhaere

158 1888 246 2032 ratig
261 1891 418 1952 habenda
435 1910 552 1952 eorum
568 1910 654 1971 quae
678 1893 768 1972 leges
793 1893 908 1954 civiles
924 1901 1079 1954 statuunt
1095 1894 1135 1955 de
1151 1892 1240 1955 debi-

156 1972 221 2033 tori
247 1991 297 2035 uS.

202 2055 287 2119 150.
316 2058 385 2135 Qui
408 2072 491 2116 vera
514 2057 568 2119 vel
584 2055 664 2120 licta
680 2057 884 2119 matrimonii
901 2057 1124 2139 promissione
1139 2058 1240 2118 terni·

158 2155 240 2198 narn
256 2140 446 2218 deceperit,
461 2149 627 2216 quatenus
640 2140 726 2202 hanc
740 2140 861 2202 debeat
873 2142 906 2201 in
920 2159 1058 2203 uxorem
1074 2141 1239 2221 accipere,

158 2217 230 2279 lieri
257 2224 371 2300 nequit
398 2221 586 2299 religiosus
613 2223 665 2285 Dc
688 2241 755 2302 qua
770 2243 818 2300 re,
843 2222 905 2284 clr.
931 2242 964 2285 v.
988 2241 1040 2302 gr.
1064 2222 1240 2285 Ballerini·

159 2300 326 2378 Palmieri,
344 2304 427 2384 Opus
439 2302 529 2368 theol.
547 2313 591 2369 tr.
605 2309 635 2383 8,
650 2325 682 2388 p.
700 2327 731 2382 a,
748 2325 781 2368 n.
797 2327 858 2387 304
872 2323 945 2385 sqq.

156 2456 214 2522 IV.
244 2461 297 2521 De
323 2460 368 2523 iis
397 2464 456 2541 qui
485 2473 651 2526 arcentur
674 2465 723 2526 'ob
751 2465 979 2525 honestatem
1009 2472 1045 2524 et
1074 2465 1240 2526 decorem

598 2572 796 2650 Religionis

200 2723 501 2805 151.111egitimi‚
520 2726 553 2789 in
576 2727 666 2789 illam
693 2727 902 2808 Religionem
931 2728 963 2791 in
986 2749 1053 2809 qua
1079 2736 1176 2812 pater
1198 2731 1241 2794 sit

157 2806 340 2887 professus,
355 2819 491 2872 vivente
508 2817 616 2892 patre,
634 2810 765 2873 admitti
781 2830 848 2872 non
865 2822 1018 2893 possunt.
1033 2811 1071 2874 C.
1087 2812 1242 2894 Gregorii

161 2905 229 2967 xlv,
247 2891 483 2973 Circumspicit,
505 2911 540 2972 15
557 2901 655 2955 mart.
676 2911 765 2973 1591.

159 3050 166 3063 ,
202 2972 287 3038 152.
304 2975 512 3056 Perspicitur
527 2978 692 3038 arcendos
708 2995 782 3037 esse
801 2977 953 3039 infames
968 2987 1004 3039 ct
1019 2979 1239 3055 criminosos,

157 3071 179 3114 1.
196 3071 225 3114 e.
244 3075 301 3117 eos
317 3058 436 3138 quibus
459 3058 502 3120 ob
518 3058 637 3139 grauia
654 3059 795 3121 crimina
819 3061 940 3122 luenda
956 3066 1007 3121 est
1024 3063 1077 3121 vel
1093 3060 1242 3124 imminet

155 3155 280 3218 magna
304 3159 423 3221 poena.
452 3142 527 3204 Hac
551 3149 709 3223 purgata,
735 3148 828 3222 patet
848 3142 1020 3222 ingressus
1044 3142 1108 3204 nisi
1130 3144 1241 3206 obstet

156 3237 357 3300 permanens
373 3223 522 3286 infamia.

190 3325 237 3384 De
249 3329 441 3386 admittendis
457 3331 528 3387 viris
540 3331 591 3404 qui
607 3331 770 3401 homicidii,
786 3328 855 3387 furti
869 3329 915 3387 vel
941 3329 1047 3386 similis
1065 3329 1164 3385 delicti
1183 3329 1243 3385 sint

153 3411 288 3469 damnati
308 3425 362 3470 aut
383 3413 419 3470 de
440 3414 614 3490 hujusmodi
633 3414 757 3471 crimine
777 3414 857 3487 apud
878 3413 1042 3470 secularem
1059 3411 1192 3487 judicem
1206 3428 1242 3468 ea

154 3496 269 3554 ratione
281 3499 413 3556 accusati
425 3517 503 3572 quae
515 3517 597 3556 nunc
610 3499 762 3569 exsolevit‚
774 3499 815 3555 ita
830 3510 862 3555 ut
875 3498 1024 3555 accusatio
1033 3497 1106 3554 actis
1117 3496 1242 3569 publicis

156 3593 314 3654 constaret,
338 3593 384 3640 est
404 3583 563 3656 prohibitio
582 3583 658 3660 juris
680 3583 797 3655 positivi
819 3601 856 3639 ex
879 3580 954 3640 Sixti
974 3598 1005 3640 v.
1029 3580 1089 3639 CC.
1113 3574 1242 3638 Cttmdt

156 3661 303 3736 omnibus,
328 3678 357 3724 et
379 3663 431 3725 Ad
453 3663 631 3727 Romanum
652 3669 769 3746 spectat.
790 3665 948 3724 Inductam
968 3678 1070 3723 autem
1089 3684 1107 3723 a
1124 3665 1206 3724 Sixto
1221 3681 1241 3721 v

155 3751 339 3807 sanctionem
353 3752 499 3808 nullitatis
511 3752 632 3810 sustulit
644 3749 784 3808 Clemens
797 3767 863 3821 viu,
880 3750 913 3808 C.
928 3746 965 3808 In
977 3745 1136 3828 Suprema.

198 3849 284 3914 153.
309 3852 364 3912 ad
391 3851 578 3913 ratiocinia
604 3850 764 3927 obligati,
793 3847 814 3910 i.
842 3867 872 3910 e.
899 3847 920 3910 ii
946 3849 1002 3928 qui
1030 3847 1164 3931 privata
1186 3848 1240 3909 vel

155 3929 288 4012 publica
300 3951 404 3994 causa
415 3931 586 4015 litigiosam
604 3933 740 3995 reddere
754 3931 877 3993 debent
890 3932 1055 3993 rationem
1072 3940 1238 4012 tempora-

157 4011 197 4073 lis
213 4015 527 4092 administrationiS,
545 4023 666 4097 utputa
682 4017 821 4091 tutelae,
835 4013 1060 4075 excluduntur
1072 4023 1239 4092 quatenus

155 4093 207 4156 his
232 4096 446 4178 impendeant
469 4099 634 4161 notabiles
660 4097 844 4159 molestiae.
871 4094 939 4159 Cl'r.
957 4095 1015 4156 cit.
1034 4093 1101 4158 CC.
1120 4093 1205 4157 Sixti
1218 4112 1241 4157 v

154 4183 189 4239 et
205 4177 388 4242 Clementis
403 4197 477 4245 V111.

199 4262 285 4326 154.
314 4264 475 4342 Quaeres
506 4269 611 4326 utrum
640 4283 728 4324 necne
757 4264 876 4324 valide
903 4261 1116 4322 admittatur
1140 4257 1243 4339 isqui

157 4341 320 4407 occultavit
335 4346 614 4428 impedimentum?

197 4425 239 4489 R.
266 4428 302 4491 Si
330 4430 470 4511 exlege
498 4429 647 4510 generali
675 4429 729 4490 vel
755 4425 906 4510 probatis
936 4423 1241 4487 Constitutionibus

1323 867 1365 915 Ex
1370 867 1424 928 jure

1291 927 1404 986 positivo.

1314 2065 1455 2114 Prohibetur

1295 2125 1404 2184 deceptor.

1319 2756 1452 2815 illegitimi,

1296 2829 1343 2862 non
1353 2815 1455 2862 absolute

1319 2988 1424 3057 infames
1434 2993 1455 3035 et

1298 3059 1431 3096 criminosi.

1308 3848 1416 3918 Obligati
1422 3849 1455 3896 ad

1294 3913 1436 3956 ratiocinia.

1322 4265 1385 4328 Quid
1388 4267 1455 4326 juris

1294 4323 1455 4372 sicetarumsu

1296 4381 1442 4488 milliaren-
