3138 5014
146 615 198 676 Qua
209 613 254 673 lege

118 675 216 722 admitti
237 687 275 720 sa·

117 732 217 780 cerdates
237 744 276 780 ex·

119 793 163 838 teri
171 791 184 838 i

146 1701 251 1752 Celebra-

117 1761 190 1807 tiorn's
204 1763 274 1810 ritus.

136 1899 262 1969 ‚Calenda-

116 1973 187 2010 rrrrm.

144 2045 177 2093 In
195 2053 274 2095 orara·

112 2105 252 2220 litim*

145 2859 208 2922 Quid
217 2860 240 2906 si

111 2920 222 2986 proprius
236 2931 275 2966 or·

115 2974 275 3084 {ih-desidere·

144 3201 266 3307 quaenam

113 3272 148 3308 err
158 3260 218 3307 asiae
226 3260 276 3308 sini

114 3318 268 3365 communita·

115 3377 147 3430 lis,
154 3375 168 3424 d

144 3861 175 3908 lu
188 3858 245 3927 aliis

115 3924 239 3966 oraturus.

332 449 392 512 318
703 473 770 508 raus
781 473 900 522 *ocravn
918 473 1007 510 caeur
1023 472 1053 508 ru

376 627 406 668 2.
425 605 522 688 Quod
545 605 588 668 ad
611 603 801 686 celebrantes,
829 627 896 672 non
912 607 973 692 ipsi
996 613 1128 672 tantum
1152 607 1339 688 Regulares
1360 605 1422 667 sed

333 688 436 751 etiam
468 687 523 751 alii
547 690 752 767 sacerdotes,
782 710 857 755 cum
883 691 1055 784 regulares
1078 697 1149 752 tum
1169 689 1351 764 seculares,
1374 687 1421 750 ibi

333 771 430 834 litare
454 772 581 842 valent.
606 774 777 852 Attamen,
795 773 825 836 in
843 773 1060 842 admittendis
1075 770 1281 834 sacerdotibus
1296 769 1419 848 exieris,

333 859 453 916 saltem
471 854 499 917 si
515 855 582 918 sint
597 857 779 934 seculares,
797 855 981 921 observare
996 857 1117 918 debent
1133 875 1219 937 quae
1231 853 1420 936 Episcopus

332 937 590 1018 praescripserit
602 939 642 1000 de
655 937 849 1002 exhibendis
863 937 984 1006 litteris
997 937 1144 1014 Celebrei,
1162 945 1227 1001 etc.
1242 935 1304 1000 cfr.
1319 957 1351 1000 v.
1365 955 1417 1016 gr.

334 1018 460 1081 Siairria
475 1019 651 1102 dioecesana
667 1019 911 1099 Meciliaiensia,
929 1042 963 1084 n.
983 1040 1052 1101 115.
1078 1019 1196 1083 Saltem
1211 1018 1240 1082 si
1256 1017 1415 1088 seculares,
1489 1031 1493 1036 ’

332 1103 487 1182 inquam;
515 1123 593 1166 nam
620 1103 699 1182 quid
711 1104 797 1186 juris
813 1104 838 1166 si
855 1102 1024 1187 Regularis
1040 1103 1187 1166 celebret
1209 1103 1298 1184 apud
1320 1121 1419 1182 regu-

331 1187 419 1248 lares
435 1185 563 1246 ailerias
586 1185 715 1248 Ordinis
730 1206 895 1266 nusquam
911 1185 1080 1254 delinitur.
1096 1185 1310 1249 Arbitramur
1326 1203 1418 1248 nose

332 1279 443 1330 mente
479 1267 760 1348 Congregationis
799 1270 1015 1352 respondere,
1046 1268 1074 1331 si
1104 1270 1205 1332 talem
1240 1266 1418 1330 fecerimus

330 1350 512 1413 obnoxium
542 1349 794 1416 condicionibus
847 1371 907 1415 uas
932 1352 1122 1436 Episcopus
1155 1350 1333 1415 definierit.
1366 1349 1418 1411 Ita

331 1433 432 1495 etiam
445 1433 584 1506 Wernz‚
599 1440 623 1496 t.
643 1455 676 1512 3,
690 1453 723 1514 p.
741 1440 812 1514 788.
825 1371 867 1500 ii
882 1453 964 1500 vero
988 1435 1021 1499 in
1045 1433 1193 1496 ecclesiis
1217 1431 1268 1496 sai
1289 1431 1419 1496 Ordinis

332 1516 478 1577 celebret
503 1515 691 1596 Regularis‚
721 1525 861 1580 non'est
878 1529 970 1603 opus
986 1526 1023 1580 ut
1049 1517 1091 1578 ab
1121 1515 1300 1598 episcopali
1324 1515 1418 1580 curia

331 1598 457 1660 habeat
472 1596 603 1660 litteras
619 1598 873 1664 celebrationis.
1260 1659 1262 1664 .

373 1701 402 1758 3.
421 1680 518 1762 Quod
530 1681 572 1764 ad
595 1679 693 1742 rinrm
708 1687 736 1742 el
750 1681 887 1758 madum,
912 1685 944 1760 a)
969 1683 1084 1745 Ritum
1100 1701 1217 1764 presse
1234 1682 1335 1744 talem
1359 1700 1417 1742 seu

331 1762 501 1842 liturgiam
517 1782 613 1826 suam
638 1763 778 1844 quisque
804 1783 941 1830 servare
967 1765 1066 1828 debet
1089 1765 1190 1831 etiam
1216 1765 1292 1828 siin
1308 1763 1416 1826 aliena

332 1845 474 1909 ecclesia
490 1845 650 1909 celebret.
691 1900 693 1902 ,

371 1928 404 2006 b)
422 1928 519 2010 Quod
531 1935 649 1990 ¹autem
665 1935 796 2009 spectat
813 1948 903 1997 mere
917 1929 960 1992 ad
975 1929 1116 2000 ordinem
1128 1929 1323 1993 calendarii:

372 2011 404 2092 a)
420 2012 457 2072 ln
473 2008 605 2072 ecclesiis
620 2019 654 2074 et
676 2011 709 2074 iu
725 2010 825 2074 aratio
835 2010 1003 2096 principali
1018 2013 1270 2076 communitatis
1286 2011 1417 2092 religio-

321 2113 399 2172 ·sae,
416 2093 604 2176 hospitalis,
629 2095 811 2170 seminarii,
837 2095 994 2173 carceris,
1019 2102 1085 2158 etc.
1102 2099 1216 2176 senenter
1239 2101 1267 2158 ei
1287 2093 1417 2177 perfecie

331 2178 536 2257 sequendum
552 2185 604 2240 est
620 2175 831 2244 calendarium
842 2176 911 2246 ioci,
927 2178 983 2240 ubi
999 2177 1122 2240 festum
1139 2187 1262 2258 agatur
1277 2179 1412 2260 duplex3

331 2260 419 2340 quod
432 2261 459 2322 si
476 2260 704 2324 calendarium
720 2259 894 2344 permittat
909 2259 1040 2326 Missam
1062 2261 1208 2338 votivam,
1226 2261 1308 2342 optio
1332 2259 1414 2338 (sine

331 2342 548 2423 obligatione)
565 2345 762 2406 conceditur
784 2343 967 2409 celebranti
990 2343 1120 2406 dicendi
1136 2343 1274 2407 Missam
1298 2363 1417 2406 secun·

331 2427 410 2487 dum
426 2445 524 2487 suum
547 2426 650 2506 ipsius
673 2425 914 2502 calendarium,
932 2425 979 2488 ita
1006 2434 1044 2488 ut
1070 2427 1174 2489 Missa
1190 2445 1276 2507 quae
1292 2425 1334 2488 ab
1350 2427 1417 2488 hoc

332 2507 523 2569 calendario
550 2507 595 2570 illi
625 2507 688 2570 diei
715 2508 907 2589 deputatur.
933 2508 1133 2587 celebretur,
1158 2509 1186 2572 si
1209 2511 1248 2570 de
1272 2508 1411 2583 Sancto,

324 2587 440 2671 festina
457 2609 522 2650 non
539 2599 652 2651 autem
664 2590 792 2652 votiva.
807 2589 876 2654 Cir.
891 2590 926 2654 S.
941 2591 982 2654 R.
998 2591 1037 2654 C.
1062 2592 1153 2655 decr.
1170 2589 1260 2653 Urbis
1271 2593 1299 2650 el
1310 2587 1412 2665 Orbis,

331 2695 349 2751 9
361 2671 423 2753 jul.
444 2677 520 2750 1895
538 2671 685 2754 (Decreta
700 2669 788 2739 autb.
804 2693 838 2740 n.
856 2676 961 2752 3862),
980 2674 1065 2739 decl.
1086 2697 1123 2756 14
1138 2679 1235 2745 mart,
1260 2693 1298 2736 22
1321 2671 1413 2748 maii,

331 2754 454 2915 ”lii
471 2760 549 2918 {ii
568 2751 865 2905 diludia
880 2755 1415 2904 ³ltltlne⁹tt³tudul

330 2897 483 2994 dioeiesia
509 2918 566 2980 ubi
595 2920 739 2984 ecclesia
761 2921 815 2984 vel
840 2921 1026 2984 oratorium
1054 2941 1121 2983 non
1149 2919 1348 3005 pertinuerit
1374 2921 1416 2981 ad

331 3002 604 3065 communitatem
614 3022 699 3083 quae
711 3003 846 3086 proprio
856 3004 1048 3066 calendario
1056 3011 1186 3067 utatur.
1198 3003 1268 3068 Clr.
1280 3003 1315 3066 S.
1325 3003 1366 3066 R.
1375 3001 1414 3065 C.

330 3110 350 3169 4
365 3084 449 3149 febr.
469 3091 546 3166 1898
563 3086 671 3168 (Decr.
688 3085 776 3150 earu.
793 3107 827 3151 n.
845 3089 951 3167 3979).
983 3107 984 3110 ¹

371 3170 478 3231 Porro
494 3169 536 3230 ad
559 3171 621 3232 hos
644 3167 782 3232 effectus
801 3170 874 3251 jam
898 3169 940 3231 ad
956 3169 1230 3233 communitatem
1246 3167 1416 3250 pertinere

330 3251 536 3314 arbitramur
552 3251 727 3314 ecclesiam
743 3271 829 3334 quae
845 3251 942 3313 modo
953 3251 1093 3333 precario
1113 3251 1294 3314 commissa
1315 3249 1430 3312 fuerit'

331 3335 433 3416 ipsius
450 3333 613 3415 regimini,
632 3334 695 3399 nisi
708 3334 808 3400 luerit
824 3333 1027 3415 parochialis
1040 3341 1100 3396 aut
1111 3332 1309 3396 beneficium
1322 3350 1415 3394 secu·

330 3419 412 3480 lare.
430 3417 564 3480 Minime
581 3425 693 3480 autem
718 3417 800 3480 satis
816 3423 868 3478 est
883 3417 911 3478 si
928 3436 1019 3478 mere
1045 3417 1090 3479 ibi
1105 3419 1212 3479 soleat
1239 3415 1416 3495 religiosus

331 3501 466 3581 quidam
482 3498 589 3561 sacris
611 3500 744 3582 operari
766 3505 826 3562 aut
849 3499 947 3561 titulo
964 3499 1133 3581 personali
1157 3518 1274 3560 curam
1297 3515 1416 3578 gerere

330 3582 493 3644 ecclesiae
519 3582 711 3644 nullatenus
738 3582 800 3663 ipsi
830 3582 1064 3643 communitati
1091 3582 1317 3644 concreditae.
1344 3578 1414 3642 Cir.

331 3665 366 3728 S.
384 3667 424 3728 R.
441 3663 478 3726 C.
500 3684 534 3744 17
547 3662 620 3745 jun.
639 3669 716 3748 1896
732 3667 773 3726 ad
794 3684 828 3744 ¹7
842 3664 952 3744 (Decr.
969 3663 1056 3728 autb.
1074 3684 1107 3726 n.
1127 3666 1220 3744 3919)
1237 3669 1271 3726 et
1291 3680 1324 3742 15
1342 3663 1414 3725 dec.

332 3753 410 3826 1899
426 3747 499 3809 ada
515 3754 549 3809 et
564 3768 581 3826 3
599 3747 709 3829 (Decr.
727 3745 814 3810 aceli.
832 3767 864 3810 n.
882 3749 988 3828 4051).

372 3838 405 3923 β)
422 3841 459 3902 In
475 3838 549 3903 aliis
564 3841 709 3904 oratoriis
722 3839 913 3922 quibuslibet,
940 3840 1045 3903 Missa
1060 3845 1174 3921 semper
1191 3839 1313 3904 dicitur
1336 3858 1415 3901 con-

330 3944 415 4006 grua
438 3925 574 4005 proprio
590 3925 792 3988 celebrantis
808 3923 930 4001 officio,
955 3924 1100 3986 etiamsi
1116 3924 1218 3986 fuerit
1242 3923 1281 3985 de
1305 3923 1414 3984 Beato

258 4021 260 4026 ’
330 4006 478 4069 nondum
493 4008 610 4070 stricte
625 4007 836 4070 canonizato

143 4113 229 4159 Oratio
243 4111 265 4157 Α

114 4171 203 4218 cunctis
214 4182 222 4221 ,¹
256 4183 258 4190 ‘

143 4227 235 4274 Nomen

115 4285 227 4345 Episcopi
238 4297 245 4334 :

149 4343 275 4390 Orationes

114 4402 249 4460 inperetur.

371 4105 401 4183 c)
419 4101 497 4165 Sive
514 4102 546 4165 in
560 4102 710 4165 ecclesiis
724 4102 795 4164 sive
807 4101 841 4164 in
857 4101 1016 4165 oratoriis
1036 4101 1251 4183 quibuslibet,
1270 4101 1416 4181 Regula·

330 4205 396 4264 res,
420 4204 535 4267 presse
567 4185 663 4258 tales,
684 4190 823 4268 possunt,
853 4186 885 4248 in
909 4185 1062 4263 oratione
1090 4185 1117 4246 A
1152 4183 1269 4246 cunctis
1294 4203 1416 4246 nomen

330 4269 453 4332 addere
476 4267 679 4330 Fundatoris
705 4267 857 4345 Ordinis;
883 4266 988 4330 debent
1009 4284 1103 4342 ve1·0‚
1127 4266 1230 4330 etiam
1252 4265 1286 4328 in
1307 4265 1416 4329 aliena

329 4346 486 4431 dioecesi,
514 4351 547 4413 in
574 4350 695 4414 Missae
726 4370 856 4414 canone
883 4351 1056 4412 nominare
1081 4348 1269 4432 Episcopum
1297 4346 1358 4412 loci
1382 4355 1416 4410 et

330 4435 475 4499 recitare
496 4432 648 4496 orationes
669 4432 753 4496 inira
775 4433 906 4496 Missam
926 4431 1103 4516 imperatas,
1131 4451 1215 4512 quas
1237 4450 1339 4494 unam
1362 4431 1417 4495 uel
