3142 5004
738 468 805 504 PARS
821 467 934 516 potura,
952 469 1042 506 CAPUT
1057 469 1077 505 11

663 643 678 732 t
703 657 740 716 2.
771 635 840 714 De
864 634 1128 716 Monr'alibns

299 865 306 874 -
405 819 492 884 383.
511 819 656 880 Summa
676 819 811 896 jurium
835 818 1020 897 Episcopi.
1037 817 1152 881 Etiam
1170 778 1364 900 in'erenrptis
1380 817 1452 880 Mo·

169 1602 308 1674 ''Confessa-

148 1677 204 1720 ras,

181 1742 307 1792 Postulan-

149 1803 210 1849 tibns
225 1801 258 1850 oet
267 1814 308 1848 no·

151 1861 225 1912 uitiis.

181 1984 307 2032 Adminis·

150 2045 255 2090 tratione

150 2099 278 2160 temporali.

176 2181 298 2228 Elrclionc

149 2240 299 2298 Abbatissar,

179 2324 306 2384 Quantita-

150 2384 219 2434 tione,

182 2823 309 2871 Erectiona

148 2880 239 2929 riomrts.

177 3217 265 3287 E‘W‘i

149 3290 274 3332 regrmnns

148 3334 263 3394 specialis.

177 3418 223 3469 Jus
249 3431 308 3467 com·

147 3490 222 3524 mune.

176 3559 285 3606 Licentia

147 3617 260 3677 Episcopi
270 3621 306 3675 pe-

149 3674 215 3721 tenda
227 3674 255 3720 de
265 3688 305 3720 no-

147 3734 183 3779 nis
194 3731 284 3779 sedilus

148 3795 168 3836 rt
178 3793 255 3836 sacris

143 3846 276 3908 functioni·

148 3907 188 3953 tas
195 3919 203 3959 ,·

178 3986 291 4046 Episcopi

363 911 519 964 nasterns

407 1007 434 1048 1.
459 949 613 1047 Ctairsnra
630 982 849 1045 constituitur
862 982 917 1046 sad
933 981 1028 1046 tutata
1051 983 1208 1066 Episcopi.
1227 983 1352 1066 Quare,
1370 1002 1448 1063 pro·

362 1068 436 1152 pria
460 1071 559 1128 utens
585 1067 789 1128 auctoritate
815 1067 847 1128 in
873 1067 1088 1130 monasteriis
1118 1067 1181 1128 sibi
1213 1066 1384 1147 subjectis,
1418 1065 1452 1127 in

363 1149 437 1212 aliis
453 1169 535 1211 vero
561 1148 714 1229 delegata
736 1169 756 1210 a
778 1149 813 1211 S.
831 1148 929 1226 Sede,
947 1150 1062 1230 poenis
1079 1155 1179 1229 atque
1196 1148 1275 1231 ipsis
1296 1149 1450 1210 censuris

363 1233 593 1312 delinquentes
616 1240 769 1308 coercet3
794 1230 933 1312 ejusque
955 1232 1100 1310 licentia,
1125 1251 1286 1294 unacum
1310 1230 1448 1294 licentia

362 1315 509 1379 Praelati
526 1313 702 1395 regularis,
728 1314 913 1394 requiritur
938 1321 987 1392 ut,
1016 1315 1058 1377 ob
1086 1334 1206 1377 causas
1223 1314 1256 1376 in
1279 1314 1357 1392 jure
1373 1332 1451 1396 per-

364 1398 494 1474 missas,
514 1396 667 1460 monialis
683 1416 700 1457 e
716 1399 820 1478 septis
837 1398 925 1459 licite
941 1398 1144 1478 egrediatur.
1173 1397 1211 1460 C.
1228 1396 1335 1476 Trid,
1351 1417 1378 1459 s.
1398 1414 1449 1476 25,

364 1501 393 1545 c.
411 1499 441 1560 5,
458 1481 507 1541 De
522 1477 635 1561 Regni.
653 1479 719 1541 Cir.
737 1499 770 1542 n.
786 1495 863 1558 310.
879 1495 957 1558 312.

404 1585 435 1626 2.
459 1563 533 1646 Ipse
550 1562 687 1643 deputat
707 1565 757 1624 vel
779 1563 898 1624 saltem
921 1563 1086 1645 approbat
1109 1563 1304 1626 Monialium
1321 1561 1451 1643 Confes-

362 1645 471 1721 sarios,
489 1651 526 1706 ut
541 1644 629 1707 inira
645 1644 786 1723 dicetur,
805 1651 901 1726 parte
918 1665 949 1726 7,
968 1666 998 1709 c.
1040 1692 1048 1709 .

405 1751 434 1808 3.
452 1728 537 1811 Ipse,
555 1747 596 1789 ex
611 1726 717 1806 Trici„
735 1747 762 1791 s.
780 1746 830 1807 25,
846 1748 875 1791 c.
893 1747 923 1808 7,
947 1729 996 1790 De
1017 1668 1145 1811 iiegnl„
1171 1729 1323 1811 explorat
1340 1726 1448 1791 nolan-

363 1817 455 1873 latern
471 1808 658 1891 pnettarnnr,
682 1817 863 1892 antequam
886 1812 928 1874 ad
951 1812 1103 1875 habitum
1131 1813 1185 1874 vel
1211 1811 1253 1874 ad
1269 1811 1450 1896 professio-

364 1899 439 1956 nem
455 1893 689 1956 admittantur.

408 2002 438 2061 4.
469 1977 535 2058 Ipsi
565 1977 652 2038 ratio
681 1976 937 2038 cst‘reddenda
973 1975 1256 2040 administrationis
1284 1976 1446 2041 bonoranr.

364 2059 403 2124 C.
428 2058 583 2140 Gregorii
604 2074 659 2136 xv,
683 2058 893 2134 Inscrntabili,
911 2059 1005 2140 5ieb.
1028 2065 1106 2124 1622

405 2163 435 2224 5.
449 2143 525 2207 Una
541 2162 616 2204 cum
635 2142 816 2223 Superiore
831 2142 990 2224 regulari,
1007 2144 1099 2205 valet
1115 2143 1279 2207 interesse
1296 2149 1329 2205 et
1350 2163 1447 2227 prae-

363 2247 436 2290 esse
451 2225 589 2286 electioni
603 2224 794 2289 Abbatissae.
933 2237 935 2242 “

404 2314 434 2371 6.
452 2308 548 2392 Quod
564 2308 607 2369 ad
621 2309 891 2389 qnaestnationern,
918 2307 1028 2390 potius
1045 2315 1212 2390 repugnat
1240 2309 1276 2374 S.
1292 2309 1395 2373 Sedes
1412 2314 1448 2371 ut

363 2395 465 2455 etiam
496 2410 555 2473 pet·
585 2409 767 2453 conversas
795 2397 1004 2469 exerceatur,
1034 2412 1111 2454 cum
1137 2395 1212 2466 hae,
1243 2412 1309 2454 non
1338 2392 1449 2453 minus

363 2495 463 2555 quam
491 2473 648 2554 reliquae,
678 2475 837 2537 clausura
856 2475 923 2536 sint
944 2475 1159 2538 claudendae.
1185 2475 1220 2536 Si
1237 2493 1317 2535 vero
1335 2474 1447 2551 aliquo

362 2557 460 2618 modo
477 2557 546 2633 irat,
564 2576 597 2617 v.
625 2575 676 2635 gr.
705 2576 764 2638 per
792 2557 948 2619 mulieres
974 2555 1136 2637 quasdam
1165 2555 1347 2632 tertianas,
1379 2573 1448 2615 non

363 2639 542 2720 professas,
560 2637 757 2701 Ordinarius
775 2640 913 2702 definire
928 2641 1052 2723 poterit
1074 2657 1160 2718 quae
1176 2637 1355 2700 videantur
1374 2656 1449 2699 esse

361 2723 403 2784 ad
420 2741 501 2784 rem.
521 2719 589 2783 Cir.
607 2721 790 2800 Passerini,
808 2722 841 2783 in
857 2744 887 2802 2,
905 2745 935 2802 2,
953 2742 986 2802 q.
1007 2728 1073 2802 187,
1091 2725 1157 2782 art.
1175 2739 1205 2801 5,
1224 2741 1257 2783 n.
1276 2726 1329 2783 68.

404 2825 433 2884 7.
461 2802 547 2886 Quid
573 2804 685 2949 vgtleat
711 2804 822 2867 iacere
852 2805 885 2867 in
911 2803 1056 2888 erigenda
1074 2803 1174 2890 ,donno
1197 2805 1269 2887 jam
1297 2803 1449 2867 dedimus

362 2905 477 2969 supra,
496 2907 528 2949 n.
549 2903 587 2948 11
614 2933 622 2950 .

485 3049 500 3138 t
527 3065 565 3145 3.
595 3042 663 3122 De
692 3042 729 3122 C
729 3041 1100 3150 ongrrgationidns
1126 3041 1321 3124 virorarn

404 3212 491 3276 384.
510 3213 658 3274 Summa
677 3214 809 3289 jurium
833 3214 1017 3291 Episcopi.
1041 3212 1112 3275 Nisi
1134 3211 1224 3274 aliud
1247 3211 1359 3274 ierant
1382 3212 1448 3304 ple·

362 3292 465 3355 nioris
491 3295 710 3378 exemptionis
738 3295 923 3376 privilegia,
951 3297 1006 3358 vel
1031 3297 1239 3378 approbatae
1271 3292 1446 3357 Constrtu-

362 3377 469 3438 tiones
485 3379 539 3439 vel
564 3378 759 3439 centenaria
785 3378 1007 3456 consuetud0‚
1037 3379 1075 3441 C.
1103 3377 1255 3442 Conditor
1278 3398 1297 3438 a
1321 3376 1447 3441 Christo

362 3461 426 3522 hoc
442 3460 551 3538 moda,
571 3480 599 3523 c.
618 3482 648 3537 2,
667 3460 816 3523 definivit
829 3461 909 3542 jura
924 3460 1105 3542 Episcopi:
1216 3512 1219 3517 .

406 3566 433 3605 1.
464 3543 539 3624 ipse
568 3543 731 3624 permittit
762 3562 869 3606 novas
906 3544 1004 3607 condi
1034 3545 1162 3622 domos,
1195 3541 1278 3622 erigi
1308 3542 1445 3622 templa,

362 3627 512 3687 oratoria
528 3626 660 3706 publica
683 3644 742 3686 seu
768 3626 986 3708 semipublica
1001 3627 1136 3707 aperiri,
1162 3643 1296 3689 sacrum
1319 3623 1392 3685 fieri
1413 3623 1447 3685 in

362 3707 552 3770 domesticis
567 3708 710 3785 sacellis
724 3716 973 3771 sacramentum
985 3716 1167 3791 augustum
1182 3705 1322 3792 proponi
1336 3707 1446 3788 palam

361 3789 571 3852 uenerationi
597 3789 754 3867 fidelium,
785 3792 961 3854 sollemnia
995 3800 1028 3855 et
1058 3793 1332 3874 supplicationes
1362 3808 1448 3869 quae

361 3871 494 3954 publica
509 3873 586 3950 sint,
605 3873 764 3936 ordinari.
784 3874 822 3937 C.
840 3874 991 3936 Conditor
1006 3896 1025 3936 a
1042 3874 1177 3944 Christo,
1197 3895 1226 3936 c.
1245 3896 1275 3951 2,
1291 3893 1324 3934 n.
1343 3889 1393 3935 111.

402 3977 432 4018 2.
460 3955 499 4016 In
527 3958 679 4019 alumnos
706 3957 897 4038 hujusmodi
927 3956 1144 4021 sodalitatum
1171 3957 1274 4020 habet
1311 3971 1446 4018 omnem

144 4045 282 4105 jurrsacno
352 4035 603 4118 jurisdictionem
628 4038 698 4119 sori
725 4039 841 4101 interni
855 4062 867 4111 ,·
892 4040 1010 4102 externi
1038 4061 1120 4104 vero
1151 4060 1225 4102 eam
1256 4058 1357 4119 quam
1388 4056 1448 4130 per

149 4108 175 4150 r'n
183 4109 303 4163 personas.

361 4139 534 4195 censuras,
562 4122 820 4200 reservationeS,
849 4122 1127 4206 dispensationes,
1157 4130 1222 4185 etc.
1252 4125 1388 4184 exercet
1415 4140 1448 4181 m

360 4202 505 4284 reliquos
527 4204 652 4268 fideles
677 4206 791 4288 Quare
807 4205 887 4286 ipsis
903 4206 1056 4287 designat
1080 4206 1275 4268 sacerdotes
1300 4203 1356 4284 qui
1380 4202 1448 4264 sint

264 4307 266 4310 ·
360 4287 501 4349 asacris
527 4293 560 4349 et
586 4291 750 4371 approbat
777 4289 831 4368 qui
854 4288 935 4369 ipsis
958 4290 1107 4351 habeant
1131 4288 1322 4352 conciones.
1348 4285 1446 4364 ibid,

177 4460 190 4506 I
193 4475 207 4505 n
219 4458 284 4506 ordi·

147 4517 249 4572 orandas,

360 4390 393 4431 n.
410 4386 431 4430 v
448 4375 481 4432 et
496 4386 570 4434 vm.

401 4473 431 4529 3.
448 4451 522 4531 Ipse
538 4452 668 4514 confert
682 4451 815 4515 ordines.
832 4453 916 4517 Ibid.
934 4475 966 4515 n.
984 4470 1032 4517 vr.
1057 4455 1108 4517 De
1132 4453 1239 4516 sacris
1257 4451 1446 4532 ordinibus,

360 4551 445 4612 quae
461 4533 528 4596 sint
540 4536 721 4612 servanda,
740 4535 801 4598 cir.
819 4534 916 4614 infra,
934 4542 1030 4616 parte
1047 4553 1075 4614 7,
1095 4557 1124 4600 c.
1142 4561 1173 4617 4.
