3148 5004
149 462 334 552 [206-209]
474 485 666 522 enorassrosus
681 485 845 522 nsurorosne
860 485 975 522 ursoni
1181 461 1241 525 125

155 639 285 697 rursus,
309 618 381 683 sive
404 612 700 701 quia'lnstitutum
730 612 859 682 minore
883 611 973 682 'nexo
998 611 1145 696 tenetur,
1168 617 1250 681 sive‘

157 701 234 783 quia
257 701 365 786 ipsum
388 703 498 766 minus
523 702 711 796 perfectam
726 702 829 765 habet
851 701 1141 786 approbationem,
1158 707 1196 763 ut
1211 701 1239 763 si

158 785 387 866 Congregatio
402 786 446 847 sit
461 792 573 868 potrus
589 804 689 866 quam
701 783 805 848 Ordo·

193 890 222 931 2.
241 868 406 932 Sollenrne's
429 887 489 930 seu
514 867 711 950 simpliciter
736 867 837 944 dicta,
865 886 932 947 qua
954 876 1035 930 vota
1058 867 1239 950 conjuncta

153 953 494 1014 «solemnizentur»
514 950 523 980 ²
540 958 574 1012 et
588 949 716 1031 simplex
737 969 796 1012 seu
820 949 920 1012 latius
944 951 1044 1023 dicta,
1062 969 1148 1031 quae
1171 948 1238 1031 pri·

152 1040 233 1097 vata
248 1035 328 1096 sinit
342 1053 416 1096 esse
432 1041 526 1097 vota.
858 1045 859 1050 ’

189 1138 220 1196 3.
247 1117 414 1197 Expresso,
446 1136 532 1196 quae
559 1113 666 1177 forma
693 1115 730 1178 fit
760 1121 949 1178 consueta:
978 1115 1091 1178 verbis
1121 1113 1237 1177 aliisve

149 1199 293 1262 definitis
308 1198 439 1268 ritibus,
450 1205 483 1261 et
498 1197 593 1260 tacite
609 1217 695 1278 quae
711 1218 752 1260 ex
766 1197 865 1260 factis
880 1199 1065 1279 colligitur:
1082 1203 1120 1259 ut
1135 1198 1163 1260 si
1178 1215 1238 1278 per

152 1282 286 1362 aliquod
318 1289 462 1366 tempus,
497 1281 621 1364 palam,
656 1279 789 1342 nemine
818 1280 1032 1361 prohibente,
1062 1281 1237 1364 proprium

152 1365 298 1426 indueris
314 1365 544 1445 professorum
573 1363 749 1440 habitum3
775 1365 840 1440 vel,‘
864 1369 1037 1424 annuente
1054 1359 1236 1425 communi·

147 1453 232 1525 tate,
249 1446 282 1509 id
297 1445 417 1508 feceris
433 1447 521 1526 quod
538 1446 580 1507 ad
594 1447 683 1508 solos
699 1445 869 1527 professos
884 1445 1064 1528 pertineat.
1079 1445 1148 1508 Cir.
1167 1465 1197 1508 c.
1216 1461 1237 1521 4

153 1537 186 1592 et
202 1551 241 1594 22
255 1528 305 1591 De
315 1528 525 1612 Regnlnee'bns
542 1530 607 1607 (111,
625 1531 689 1608 31).

185 1637 274 1694 208.
297 1639 463 1716 Quaeres
477 1645 577 1691 utrum
592 1650 688 1690 necne
702 1633 790 1690 hodie
800 1633 838 1691 sit
852 1633 941 1691 tacita
953 1631 1105 1709 professio.

185 1735 210 1776 1.
224 1717 303 1776 Tam
318 1719 398 1792 apud
411 1717 490 1775 viros
502 1734 594 1791 quam
608 1717 755 1788 moniales
766 1727 810 1774 est
822 1729 902 1775 certe
911 1717 1039 1776 insolita.

183 1816 211 1858 2.
225 1798 317 1879 Apud
330 1798 421 1872 virm,
435 1797 587 1860 sollemnis
600 1799 742 1874 professio
762 1802 850 1858 tacite
862 1799 928 1859 fieri
940 1802 1044 1875 nequit
1057 1819 1093 1858 ex
1106 1800 1236 1858 declara·

151 1884 232 1941 tione
245 1895 386 1942 contenta
411 1887 528 1942 decreto
548 1884 593 1941 Pii
608 1883 651 1941 lX
673 1901 706 1942 12
721 1883 801 1961 junii
816 1886 895 1959 1858,
909 1902 940 1942 n.
956 1901 1000 1942 11.
1015 1884 1075 1943 err.
1096 1883 1234 1954 Bizearri,

149 1959 344 2108 Cogecteneo,
367 1985 428 2044 107,
449 1968 495 2026 vel
514 1967 622 2039 Sentis,
652 1960 813 2028 Clementis
833 1965 893 2047 Pp.
921 1983 976 2026 vni
1002 1963 1157 2028 decretales
1178 1977 1235 2025 etc.

151 2068 273 2211 p’Qd‘od
285 2137 329 2200 ad
347 2132 521 2216 simplicem,
537 2153 599 2193 non
619 2137 707 2210 plane
726 2147 844 2195 constat
862 2137 983 2195 tacitam
1005 2137 1070 2215 ejus
1088 2136 1234 2194 rationem

150 2237 214 2361 essg
225 2238 425 2295 suppressam.
447 2219 480 2278 ld
493 2231 595 2278 tamen
610 2231 695 2294 putat
707 2221 857 2293 Palmieri,
873 2218 956 2300 Opus
968 2216 1055 2280 theol.
1066 2231 1102 2278 tr.
1121 2237 1149 2294 9,
1164 2237 1191 2278 c.
1208 2234 1233 2290 1,

149 2323 180 2364 n.
232 2347 239 2362 .

157 2430 161 2434 .
185 2320 228 2462 3.3
238 2386 327 2462 Apud
351 2382 506 2459 moniales
531 2388 639 2462 scripta
661 2388 737 2463 lege,
764 2389 839 2446 nihil
865 2397 909 2446 est
934 2387 971 2446 de
998 2387 1235 2466 superiore-jure

151 2473 325 2530 detractum.
635 2507 639 2516 κ

225 2649 240 2738 ξ
267 2664 305 2721 2.
335 2641 405 2720 De
428 2638 696 2748 professione
720 2639 869 2720 valide
896 2645 940 2720 el
966 2639 1158 2721 invalide
1191 2625 1193 2629 ¹

436 2830 464 2894 Ι.
495 2833 547 2894 De
578 2833 799 2909 professione
827 2835 946 2896 valida
978 2892 981 2897 .

191 3001 281 3065 209.
309 3002 365 3062 Ad
380 3001 539 3062 valorem
568 3001 745 3082 religiosae
774 3001 993 3084 professionis
1019 3011 1093 3064 tres
1123 3002 1233 3084 requi·

157 3088 278 3144 runtur
294 3084 533 3146 condiciones.

197 3185 224 3228 1.
251 3160 411 3226 Habe‘le‘tos
432 3168 580 3246 personae
602 3165 807 3247 profitentis:
837 3172 874 3227 ut
902 3167 1066 3229 decimum
1100 3174 1231 3230 sextum

153 3247 274 3310 aetatis
296 3266 420 3310 annum
443 3250 640 3330 expleverit,
665 3267 860 3328 annumque
874 3248 1042 3328 integrum
1065 3269 1141 3310 cum
1155 3249 1232 3313 reli-

152 3330 246 3412 gioso
270 3329 389 3393 habitu
420 3331 553 3393 steterit
584 3331 616 3393 in
644 3331 856 3414 probatione,
886 3335 1079 3411 nullumque
1108 3331 1233 3393 habeat

150 3412 423 3495 impedimentum
451 3413 539 3493 quod
565 3433 625 3496 per
653 3421 783 3476 statuta
808 3411 954 3493 legitime
979 3413 1181 3475 confirmata
1199 3413 1232 3474 in

149 3495 215 3560 isto
230 3493 355 3557 Ordine
379 3495 602 3558 substantiale
618 3516 691 3558 esse
716 3497 977 3559 demonstretur.
1002 3497 1040 3558 ln
1054 3494 1122 3556 vieo
1136 3514 1232 3578 prae-

149 3584 255 3654 terea,
272 3584 309 3639 ut
324 3578 530 3642 sollemniter
547 3579 698 3660 profiteri
713 3580 838 3652 valeat,
856 3597 940 3658 opus
963 3584 1015 3640 est
1031 3587 1068 3639 ut
1084 3577 1233 3641 emiserit

148 3659 390 3742 professionem
414 3660 598 3744 simplicem
619 3661 815 3743 requisitam
832 3680 892 3742 per
914 3662 1004 3725 decr.
1022 3660 1058 3723 S.
1076 3659 1115 3724 C.
1132 3680 1234 3744 super

150 3748 242 3804 statu
271 3741 391 3822 Regul.
425 3763 462 3822 19
489 3744 579 3805 Mart
608 3750 697 3826 1857,
726 3751 759 3805 et
785 3751 822 3805 ut
849 3744 882 3804 in
909 3763 949 3806 ea
971 3748 1028 3825 per
1053 3748 1112 3805 tres
1137 3764 1233 3806 annos

149 3825 384 3906 permanserit.
411 3824 450 3888 C.
473 3825 524 3888 Pii
546 3826 594 3888 IX
620 3828 672 3890 Ad
692 3825 886 3904 eene'versnle's‚
903 3846 921 3905 7
937 3826 1002 3890 feb.
1022 3832 1113 3892 1861.
1136 3826 1234 3909 Quod

150 3914 282 3988 tempus
294 3906 439 3987 videtur,
455 3928 521 3970 non
536 3927 636 3972 secus
652 3917 754 3991 atque
766 3928 874 3970 annus
890 3909 1085 3980 novitiatus,
1104 3911 1233 3972 mathe-

150 3989 274 4051 matico
289 3988 377 4070 exigi
393 3990 516 4070 rigore.

182 4092 292 4164 Immo,
313 4095 349 4152 iis
369 4096 420 4169 qui
441 4096 547 4154 saltem
568 4115 748 4171 perannum
769 4099 863 4156 coacti
876 4107 946 4155 sunt
959 4097 1096 4170 militare,
1116 4099 1234 4156 decreto

145 4194 179 4252 27
192 4196 262 4238 nov.
279 4181 349 4254 1892
367 4181 447 4252 quod
460 4180 498 4237 ad
512 4181 626 4238 italicas
645 4181 768 4240 refertur
786 4183 876 4256 leges,
899 4181 1085 4256 praescripsit
1103 4180 1134 4240 S.
1155 4180 1233 4239 Con·

148 4391 187 4506 (11¹1
193 4390 354 4511 Beppifaeius
364 4406 423 4451 vnr,
438 4406 462 4444 e.
475 4393 557 4455 Quod
568 4399 671 4451 votum,
684 4393 806 4452 unicum,
817 4395 854 4442 De
865 4397 918 4442 volo
929 4398 950 4439 et
959 4393 1010 4440 voli
1020 4391 1172 4453 redemptione
1183 4391 1208 4440 in
1219 4397 1233 4439 6

191 4485 197 4506 ,
211 4467 220 4496 1
249 4487 255 4499 ι

1293 684 1307 730 p
1322 611 1445 674 Professio

1316 882 1451 939 sollemnis,

1294 942 1397 1001 simplex.
1501 977 1506 986 .

1320 1131 1451 1191 Expressa.

1293 1191 1375 1237 recita.

1289 1653 1328 1700 De
1337 1666 1378 1700 use
1392 1654 1449 1702 iaci.-

1292 1715 1327 1757 lae
1362 1709 1448 1772 projes-

1290 1769 1367 1816 sionis
1373 1769 1446 1818 lodie.

1292 2977 1445 3028 Condiciones

1286 3037 1379 3086 validae
1390 3040 1444 3095 pro·

1281 3094 1405 3157 sessionis.

1318 3189 1347 3238 H
1348 3188 1445 3247 nbilitas
1483 3167 1488 3174 ¹

1283 3253 1403 3308 personae.
