3138 5014
178 440 356 520 [419-421]
519 461 555 497 oe
571 459 744 496 uieniuciiii
759 455 913 496 inrisione
1201 432 1256 495 titt

175 599 293 663 tollere
308 603 420 682 potest
435 597 598 682 Superior
613 597 641 662 si
657 597 700 660 ad
715 597 824 680 ipsum
840 615 944 660 causa
959 597 1004 660 sit
1019 595 1142 675 delata,
1160 595 1260 660 immo

175 681 277 746 etiam
293 702 403 760 secus,
420 689 458 745 ut
473 680 654 744 verisimile
669 686 733 744 est.
748 679 818 743 err.
832 679 918 759 Piat,
937 698 960 757 1,
978 701 1011 763 p.
1028 698 1100 762 574.

215 767 261 830 N.
278 766 319 829 Β.
337 767 376 828 In
391 765 573 828 relaxanda
589 771 697 848 poena
710 762 820 826 delicti
836 783 903 826 non
919 763 1052 840 occulti,
1071 763 1258 832 cavendum

176 854 228 912 est
244 869 286 911 ne
302 847 483 929 derogetur
491 847 559 929 juri
572 847 678 929 partis
692 847 805 910 laesae
820 864 907 927 quae
922 851 1015 930 petat
1032 863 1184 927 poenam.

217 933 307 997 420.
332 936 501 994 Potestas
527 930 756 1009 dispensandi
783 929 827 990 ab
853 929 1184 1008 irregularitatibus.
1209 929 1260 992 Ne

178 1033 340 1094 cogamur
356 1013 485 1095 ingredi
501 1012 649 1076 difficiles
665 1019 699 1075 et
714 1031 833 1095 parum
849 1011 948 1075 utiles
961 1011 1211 1095 controversias
1227 1018 1261 1074 et

177 1098 276 1180 plura
298 1097 504 1177 distinguere
531 1115 628 1178 quae
642 1094 825 1177 simplicem
853 1113 921 1157 non
947 1095 1060 1157 ferunt
1082 1094 1261 1179 expositio·

177 1194 265 1256 nem,
293 1180 376 1242 haec
392 1199 501 1262 pauca
517 1177 670 1242 dabimus
696 1197 781 1259 quae
804 1177 910 1259 magis
940 1183 1034 1240 certo
1061 1181 1220 1240 constant
1237 1178 1260 1242 1.

218 1263 332 1325 Etiam
345 1264 477 1325 secluso
490 1261 624 1343 speciali
640 1260 826 1344 privilegia,
836 1258 973 1344 praelati
983 1260 1138 1343 regulares
1150 1257 1263 1324 subdi·

178 1350 230 1407 tos
245 1365 336 1423 suos,
354 1345 456 1408 etiam
473 1345 640 1421 Novitios‚
658 1342 852 1425 dispensare
865 1343 996 1407 valent:

219 1431 251 1507 a)
264 1429 302 1491 In
315 1427 469 1491 omnibus
486 1426 791 1508 irregularitatibus
806 1446 843 1487 ex
865 1424 991 1496 delicto.
1009 1433 1150 1508 excepto
1164 1424 1264 1488 leomi-

178 1509 259 1573 eidio
286 1510 397 1572 directe
425 1509 608 1588 volrintario,
643 1509 751 1571 abortu
766 1508 871 1590 foetus
897 1509 1041 1587 animati,
1072 1508 1265 1571 mutilatione

180 1591 384 1657 membrorum
399 1599 432 1655 et
455 1591 591 1675 bigamia
602 1591 869 1670 similitudinarie,
878 1591 1074 1674 praesertim
1087 1592 1114 1654 si
1127 1592 1265 1655 miscea-

182 1683 238 1737 tur
262 1675 520 1756 interpretativa
542 1675 566 1738 2.
592 1675 715 1754 (Breve
747 1673 831 1738 Votis
855 1674 971 1753 vestris,
989 1675 1038 1738 Pii
1054 1692 1101 1753 iv,
1125 1693 1165 1758 24
1187 1673 1266 1736 maii

183 1759 287 1837 1560.)
319 1757 429 1820 Semel
454 1757 487 1818 in
514 1776 615 1834 anna,
646 1756 767 1820 leriae
794 1763 871 1839 post
897 1757 1098 1820 dominicam
1125 1759 1266 1839 primam

181 1839 480 1923 Quadragesimae,
519 1839 643 1902 diserte
673 1841 869 1902 conceditur
905 1839 1070 1903 Praelatis
1103 1840 1266 1903 localibus

181 1924 293 2006 ampla
321 1921 534 2016 dispensandi
560 1923 715 1985 facultas.
744 1921 783 1984 C.
812 1923 937 2003 Exponi
961 1922 1128 2002 Nobis,12
1155 1922 1268 1986 martii

184 2006 636 2168 15iss3,llgepppeppiaritafibus
653 2107 689 2146 en
711 2084 841 2166 dejectu,
870 2086 1018 2165 exceptis
1033 2107 1041 2150 i
1058 2090 1176 2152 enormi
1192 2110 1266 2153 cor·

184 2172 275 2254 poris
292 2175 351 2232 aut
367 2169 468 2231 animi
483 2169 559 2231 nitio
573 2169 661 2230 unde
685 2169 798 2231 fideles
825 2170 1022 2231 scandalum
1046 2189 1167 2252 capere
1191 2192 1267 2254 pos·

184 2260 260 2316 sent
276 2273 283 2329 3
312 2250 461 2335 bigamia,
478 2252 507 2314 si
523 2251 754 2314 communiore
770 2250 912 2313 fidamus
928 2252 1095 2315 sententia
1110 2273 1117 2330 ;
1135 2253 1267 2318 defectu

183 2335 346 2398 natalium
358 2333 399 2396 ad
411 2333 577 2418 dignitates
591 2333 617 2412 3;
632 2339 665 2397 et
677 2331 809 2396 defectu
822 2333 942 2396 aetatis
957 2335 1009 2396 lta
1021 2335 1217 2421 scriptores,
1228 2357 1269 2401 ex

183 2420 223 2482 C.
241 2417 325 2489 Sixti
340 2434 387 2497 iv,
404 2415 566 2502 Regimini
580 2414 758 2493 universali,
777 2437 813 2496 31
825 2437 909 2498 aug.
925 2437 1014 2503 1474.

223 2502 276 2564 Ex
305 2501 421 2564 eadem
450 2499 699 2564 Constitutione
740 2499 939 2582 Superiores
974 2498 1028 2563 isti
1055 2508 1134 2564 sunt
1155 2501 1267 2566 etiam

182 2585 307 2650 locales
323 2605 331 2663 ;
347 2603 468 2648 verum
484 2603 564 2646 suas
579 2583 719 2664 quisque
738 2582 929 2646 consideret
942 2582 1225 2660 Constitutiones.

223 2669 313 2734 421.
346 2671 514 2731 Potestas
537 2669 695 2745 gratiosa
711 2668 759 2728 in
786 2669 1007 2732 universum.
1037 2669 1135 2750 «Ipsi
1156 2673 1212 2750 per
1239 2690 1270 2732 se

182 2751 262 2832 e'psos
277 2749 363 2813 idern
385 2751 522 2813 omnino
537 2751 677 2829 possint
700 2747 733 2811 in
759 2749 899 2812 Fratres
922 2756 955 2812 et
977 2750 1180 2815 Moniales...
1208 2752 1270 2816 sibi

185 2832 347 2911 subditos,
365 2833 453 2912 quod
470 2839 611 2915 possunt
626 2831 785 2914 Episcopi
809 2832 842 2895 in
859 2833 998 2895 clericos
1021 2837 1055 2896 et
1078 2833 1182 2898 laicos
1207 2835 1269 2899 sibi

184 2914 366 2995 subjectos,
384 2923 454 2977 tam
469 2915 579 2994 quoad
595 2913 791 2984 absolvendi
804 2922 836 2976 et
850 2915 1063 2996 dispensandi
1075 2917 1269 3000 hujusmodi

1344 775 1377 822 In
1392 769 1450 818 rela-

1316 833 1413 881 xatione
1422 834 1472 889 poe·

1315 906 1359 940 nae
1392 900 1471 936 cauen-

1314 947 1428 1010 iumjuri

1312 1013 1392 1071 partis
1407 1004 1451 1052 lae-

1315 1081 1363 1118 sae.

1321 1195 1476 1254 Dispensatio

1316 1254 1347 1300 ab
1364 1250 1478 1310 irregula-

1318 1311 1431 1359 ritatilus
1449 1322 1477 1358 ert

1286 1383 1289 1391 '
1318 1369 1415 1425 delicto:

1334 2109 1375 2156 Ex
1385 2105 1478 2168 dejectu.

1353 2702 1463 2748 Potestas

1322 2759 1432 2826 gratiosa
1456 2760 1482 2805 in

1324 2830 1468 2866 universum.

186 3015 285 3076 quam
298 2996 381 3057 alias
396 3016 624 3076 quascumque
635 2996 826 3060 facultates
844 3024 857 3054 »
877 2999 910 3061 S.
928 2999 1008 3061 Pius
1023 3016 1057 3078 v,
1075 2999 1114 3066 C.
1132 2999 1270 3064 Romani
1359 2995 1361 3001 ’

186 3076 349 3156 Pontificio
365 3097 400 3138 21
415 3079 477 3159 jul.
498 3096 586 3158 1571.
1247 3124 1249 3126 -

227 3161 300 3224 Non
316 3179 396 3240 ergo
412 3179 481 3221 cum
503 3164 565 3221 tota
588 3160 803 3222 communitate
819 3161 894 3238 (nisi
910 3163 1110 3242 gravissima
1127 3170 1270 3245 urgente

188 3241 399 3311 necessitate,
425 3247 553 3304 etcum
578 3242 685 3304 facilis
709 3248 843 3320 nonest
866 3263 1024 3307 recursus
1041 3246 1083 3307 ad
1099 3246 1269 3328 legislato-

187 3328 270 3404 rem)
283 3325 342 3388 sed
354 3345 430 3388 cum
445 3324 584 3405 singulis
600 3325 752 3405 personis
768 3324 963 3408 dispensare
979 3334 1121 3410 possunt
1136 3348 1144 3392 2

232 3430 259 3477 i.
275 3407 444 3491 Inlegibus
460 3406 615 3469 Ecclesiae
629 3407 670 3469 de
686 3407 820 3471 casibus
843 3408 1037 3490 frequenter
1063 3412 1269 3475 occurrenti·

186 3493 261 3574 buS,
276 3497 335 3554 aut
348 3510 424 3553 cum
436 3489 573 3552 dubium
588 3496 640 3551 est
652 3510 732 3553 num
746 3490 939 3574 requiratur
955 3492 1171 3574 dispensatio.

227 3597 258 3638 2.
274 3574 312 3635 ln
327 3574 404 3636 notis
420 3594 487 3636 non
498 3572 692 3652 reservatis,
711 3574 782 3636 sine
795 3574 942 3638 laesione
954 3576 1040 3657 juris
1055 3577 1158 3639 tertii.

229 3679 260 3736 3.
276 3658 341 3720 Per
370 3675 406 3719 se
435 3657 467 3719 in
491 3656 658 3748 praeceptis
685 3654 878 3739 Regularum
904 3664 937 3719 et
965 3658 1287 3724 Constitutionum.

229 3742 303 3804 Non
319 3745 461 3821 possunt
483 3737 515 3800 in
532 3745 621 3801 votis
637 3738 916 3801 substantialibus
932 3741 1116 3820 Religionis
1133 3762 1140 3818 ;
1158 3762 1220 3807 uec
1239 3741 1272 3804 in

188 3822 262 3885 aliis
280 3823 368 3886 votis
383 3841 469 3904 quae
485 3821 729 3904 professionem
746 3821 937 3902 religiosam
960 3823 1178 3904 comitantur,
1208 3823 1272 3888 nisi

1326 3330 1479 3390 Dispensatio

1325 3440 1484 3497 alegitmsEe·

1298 3499 1299 3503 ’
1325 3498 1416 3555 etesiae,

1355 3606 1387 3653 In
1400 3605 1470 3659 rotis,

1355 3689 1371 3736 I
1371 3703 1386 3734 n
1397 3686 1486 3746 regula,

1357 3767 1421 3830 Quid
1432 3767 1459 3815 de

1328 3834 1389 3876 uotis
1397 3825 1484 3887 preses·

1328 3887 1404 3934 sionis
1415 3885 1428 3932 t

218 4041 430 4091 1Deatiiscir.
451 4043 477 4090 S.
498 4037 669 4101 Alphonsum
685 4040 723 4086 De
748 4039 886 4088 Pristin.
908 4056 958 4098 104.
980 4045 1030 4098 105,
1052 4040 1219 4090 attendendo
1237 4042 1273 4091 ad
1324 4059 1326 4062 ·

188 4097 391 4148 observationes
402 4101 434 4148 R.
449 4101 479 4147 P.
494 4099 565 4154 Piat,
581 4097 753 4156 Praetnijur.
766 4111 813 4155 reg.
829 4115 847 4148 1,
858 4112 885 4157 p.
900 4103 1004 4156 574·580·

217 4157 352 4222 litigantia
369 4157 572 4221 similitudinarie
592 4154 763 4222 contrahitur
780 4154 816 4202 ab
836 4169 869 4203 eo
888 4157 946 4216 qui,
964 4159 1025 4215 post
1036 4159 1130 4222 votum
1142 4158 1272 4206 sollemne

189 4220 331 4268 castitatis.
350 4221 466 4263 attentat
483 4219 697 4263 matrimonium.
718 4214 850 4261 Miscetur
870 4215 1059 4272 interpretativa,
1071 4229 1093 4260 si
1106 4216 1272 4265 contraxerit

189 4285 252 4320 cuin
269 4271 353 4336 vidua
371 4286 427 4320 non
444 4271 557 4333 virgine,
578 4277 626 4319 aut
646 4269 747 4336 teinina
768 4270 826 4330 jain
845 4269 882 4320 ab
902 4273 988 4319 altero
1006 4271 1124 4332 cognita.
1147 4273 1273 4334 Bigamia

191 4329 238 4378 illa
249 4335 383 4388 excipitur
393 4329 484 4389 potius
495 4344 527 4378 eii
538 4330 610 4388 stylo
621 4331 722 4378 Curiae
733 4343 817 4390 quam
828 4343 859 4376 ex
868 4330 943 4376 claro
954 4329 1057 4388 scripto
1069 4330 1144 4389 legis.

217 4387 262 4434 3N
266 4400 301 4452 on
330 4386 392 4434 auci
404 4393 467 4452 sunt
478 4387 595 4436 Ordines
611 4386 798 4452 ubinexceptio
810 4386 862 4435 ista
877 4388 991 4446 speciali
1003 4386 1108 4436 tollitur
1118 4387 1276 4450 privilegio,

190 4444 263 4504 quod
275 4458 300 4493 vi
321 4448 382 4493 etur
393 4459 497 4507 exigere
510 4447 541 4494 C.
555 4447 678 4507 Gregorii
689 4458 744 4503 xiv,
754 4445 926 4506 circumspecta
941 4449 953 4503 ᾗ
964 4465 985 4504 4·
