3148 5004
329 451 370 514 94
623 469 690 506 runs
705 469 826 517 QUARTA.
844 468 939 506 suerro
956 474 977 505 r.
994 470 1085 508 curva
1099 471 1120 506 11

329 606 602 700 impedimentum
615 606 658 670 sit
672 605 882 676 substantiale,
902 611 1036 673 constat
1049 608 1301 690 cooptationem
1317 611 1415 672 istam

328 709 403 753 esse
419 691 563 752 irritam.
881 693 885 699 ’
1219 750 1221 756 ,

371 775 481 853 Atque
496 773 656 835 observes
672 771 909 854 impedimenta
923 791 996 836 esse
1009 772 1246 839 substantialia
1262 776 1315 838 vel
1330 773 1415 852 nbs07

328 855 391 920 luta
418 857 473 920 vei
497 855 650 917 relative:
680 856 846 934 absolute,
879 874 965 936 quae
994 854 1190 936 simpliciter
1215 858 1413 934 excludunt;

329 940 481 1017 relative,
498 957 585 1020 quae
600 940 783 1001 excludunt
805 938 868 1002 nisi
885 957 906 998 a
921 944 1134 1018 competente
1150 938 1331 1020 Superiore
1347 939 1412 1002 dis-

328 1030 501 1105 pensetur.
517 1023 581 1097 lta,
598 1021 632 1082 in
648 1021 818 1084 Societate
833 1023 926 1106 Jesu,
944 1021 1162 1101 Praepositus
1178 1021 1410 1101 Provincialis‚

329 1125 395 1170 non
411 1112 525 1168 autem
543 1103 730 1181 Generalis,
748 1119 843 1166 caret
859 1109 1027 1196 potestate
1043 1104 1241 1167 admittendi
1256 1105 1412 1182 candida-

328 1195 382 1252 tos
397 1188 453 1270 qui
476 1186 624 1250 nondum
637 1187 845 1268 expleverint
865 1206 899 1267 15
913 1186 1034 1248 aetatis
1056 1204 1163 1248 annos
1179 1186 1236 1268 qui
1248 1192 1302 1250 vel
1316 1207 1411 1271 supef

328 1271 480 1334 raverint
496 1289 548 1350 50.

370 1354 406 1418 Si
427 1373 510 1417 vero
537 1352 735 1416 candidatus
762 1371 853 1415 mere
880 1351 1080 1434 prohibente
1102 1352 1295 1414 detineatur
1308 1352 1412 1435 impe-

328 1437 487 1513 dimento,
501 1435 667 1517 culpanda
680 1434 813 1513 quidem
826 1435 977 1514 graviter
989 1446 1040 1497 est
1053 1435 1285 1511 dissimulatio,
1295 1443 1412 1514 estque

327 1520 477 1600 legitima
489 1537 594 1580 causa
605 1517 791 1580 dimittendi
804 1517 832 1578 si
845 1518 930 1580 iorte
942 1519 1140 1598 innotuerit,
1154 1516 1275 1596 sed,=0b
1286 1517 1411 1580 incom-

327 1602 426 1666 moda
442 1620 527 1681 quae
543 1600 713 1661 orirentur
733 1618 775 1660 ex
790 1602 1024 1664 condicionata
1040 1603 1226 1678 voluntate,
1243 1599 1411 1674 existima7

327 1690 384 1746 tur
398 1683 489 1747 Ordo
506 1681 587 1745 satis
603 1681 760 1745 assentiri
776 1689 813 1744 ut
829 1685 967 1746 valeant
990 1684 1180 1765 hujusmodi
1197 1682 1353 1746 admissio
1376 1690 1410 1746 et

327 1772 446 1829 secuta
460 1764 638 1848 professio,

368 1849 464 1911 Haec
490 1847 658 1912 sententia
683 1846 815 1908 ratione
837 1868 943 1930 aeque
966 1869 1006 1911 ac
1023 1847 1195 1929 responsis
1211 1847 1247 1910 S.
1265 1847 1412 1928 Congre-

327 1932 473 2013 gationis
486 1930 751 2008 commendatur,
766 1937 885 1992 contra
903 1933 968 1994 alia
983 1931 1118 2013 placita,
1133 1951 1166 1992 v.
1180 1951 1232 2012 gr.
1249 1930 1412 2014 Pellizarii

329 2027 353 2077 t.
378 2038 407 2092 2,
440 2034 470 2077 c.
498 2036 528 2092 a,
552 2033 586 2075 n.
610 2030 717 2092 32·35,
732 2032 818 2093 quae
844 2034 914 2076 rem
940 2015 1029 2077 hanc
1052 2013 1179 2076 iaciunt
1206 2014 1411 2096 impeditam.

328 2097 398 2161 Cir.
416 2098 502 2174 Piat,
520 2108 546 2160 t.
565 2118 593 2174 1,
611 2116 643 2178 p.
662 2113 711 2174 79,
730 2115 761 2176 q.
780 2118 810 2158 2.

378 2286 393 2374 §
411 2297 449 2378 4.
470 2275 539 2356 De
556 2274 807 2382 obligatione
824 2274 1094 2382 ingrediendi
1116 2265 1363 2393 religionem
1404 2345 1409 2348 ,

368 2469 536 2549 Obligatio
562 2471 627 2531 ista
651 2488 693 2529 ex
717 2468 841 2551 duplici
868 2469 971 2552 stirpe
1001 2469 1095 2532 nasci
1118 2474 1251 2552 potestz
1279 2489 1320 2532 ex
1344 2467 1407 2551 lega

326 2549 526 2613 ecclesiastica
540 2553 593 2612 vel
609 2569 651 2612 ex
665 2554 746 2613 uoto.

614 2721 640 2784 I.
664 2725 716 2784 De
738 2724 958 2804 obligatione
983 2743 1024 2786 ex
1050 2727 1128 2802 lege

372 2895 458 2959 155.
489 2915 517 2956 1.
544 2892 677 2972 ingredi
699 2892 852 2954 absolute
880 2893 978 2954 debet
1001 2893 1197 2973 religionem
1219 2912 1297 2955 nnor
1318 2891 1407 2956 iliius

243 3045 272 3055 ..
327 2976 394 3058 qui,
412 2981 582 3037 annuente
604 2994 720 3052 uxore,
748 2994 865 3036 sacros
893 2975 1040 3057 suscepit
1062 2977 1207 3054 ordineS,
1232 2975 1260 3038 si
1285 2975 1338 3038 vir
1367 2975 1409 3038 ad

111 3043 270 3161 mappam
327 3057 507 3142 dignitatern
533 3056 729 3139 episcopalem
752 3065 992 3139 promoveatur
1008 3079 1015 3134 ;
1034 3058 1198 3139 debetque
1218 3061 1290 3140 ipsa
1315 3061 1408 3142 prius

213 3138 218 3148 ’
327 3140 477 3227 profiteri
489 3141 730 3202 continentiam
743 3147 776 3201 et
790 3141 982 3219 religiosum
995 3140 1134 3204 induere
1148 3142 1299 3204 habitum
1308 3162 1409 3222 quam

326 3226 468 3288 maritus
491 3243 612 3286 munus
635 3223 723 3285 istud
739 3223 914 3306 suscipiat.
932 3223 971 3286 C.
990 3223 1091 3303 Sane,
1109 3231 1138 3303 6,
1156 3225 1205 3286 De
1219 3224 1409 3286 conversione

326 3308 560 3390 conjugatorum
576 3306 639 3388 (111,
655 3308 719 3384 32).

113 3418 270 3468 Uxorasnn-
367 3415 397 3455 2.
425 3389 559 3471 ingredi
588 3389 686 3450 debet
714 3387 909 3467 religionem
936 3407 1015 3449 annor
1040 3408 1126 3468 quae
1156 3388 1230 3474 viro
1259 3388 1408 3470 indulget

111 3475 270 3545 tentanum·
326 3493 504 3536 ascensum
527 3471 568 3533 nd
589 3490 690 3533 suanos
714 3471 845 3538 ordines,
865 3471 928 3533 nisi
945 3480 1107 3551 provecta
1122 3478 1235 3533 aetate
1251 3472 1348 3534 simul
1374 3479 1412 3540 et¹

110 3534 269 3586 unsarans.
327 3557 458 3636 integra
474 3554 563 3616 fama
585 3555 741 3615 immunis
758 3554 801 3615 sit
825 3574 845 3614 a
861 3553 1010 3636 periculo
1032 3560 1066 3615 et
1082 3553 1272 3635 suspicione
1294 3553 1408 3630 incone

326 3637 499 3700 tinentiae.
518 3635 605 3698 Huic
622 3635 710 3699 enim
727 3635 809 3697 satis
827 3645 879 3696 est
899 3635 929 3696 in
948 3637 1061 3697 seculo
1077 3645 1194 3698 votum
1212 3655 1408 3718 nuncupare

327 3718 566 3782 continentiae.
591 3719 784 3796 Praeterea,
810 3719 994 3780 secundum
1019 3719 1255 3781 conrmrnnionenn
1277 3729 1411 3793 sentenf

326 3804 407 3864 tiam
432 3801 454 3878 ¹,
472 3820 559 3880 quae
575 3799 705 3862 difficile
721 3821 761 3862 ex
780 3801 857 3882 jure
883 3801 1025 3879 eruitur,
1050 3801 1207 3864 inhabilis
1222 3809 1285 3880 est,
1310 3803 1411 3866 etiam

325 3891 461 3947 mortuo
477 3884 562 3960 vir0,
577 3883 618 3943 ad
632 3884 882 3945 contrahendas
895 3884 1043 3965 nuptias.

109 3997 178 4045 Ap„
191 4000 270 4058 „m
368 3987 397 4042 3.
414 3964 543 4028 Eadem
559 3965 694 4027 omnino
711 3967 915 4046 obligatione
931 3973 1068 4028 tenetur
1083 3965 1161 4028 alten
1176 3966 1339 4049 conjugum
1353 3967 1409 4048 qui

106 4056 273 4172 pppnptrtppiep
326 4049 424 4110 alteri
437 4048 627 4129 permiserit
638 4047 811 4130 ingressum
822 4049 854 4110 in
866 4047 1057 4130 religionen.
1066 4047 1282 4113 Continentia
1294 4057 1407 4112 tamen

118 2931 189 2978 Varii
194 2945 271 2981 casus.

356 4272 363 4306 l
375 4269 430 4317 Cir.
447 4268 586 4334 Sanchelz„
596 4270 633 4315 De
643 4271 748 4333 matrina.
770 4269 788 4316 l.
805 4283 818 4324 7
835 4269 861 4316 d.
874 4287 903 4326 40
913 4284 940 4317 n.
954 4287 966 4318 2
974 4283 980 4325 ;
993 4268 1236 4336 Schmalzgrueber
1251 4269 1307 4318 in-l.
1320 4290 1334 4328 4
1349 4275 1368 4318 t.
1381 4279 1405 4327 6,

325 4342 352 4375 n.
367 4341 445 4393 40:421
460 4327 741 4393 Ballerrn1·Palm1ert,
750 4327 812 4385 Opus
825 4328 891 4374 tlreol.
900 4333 924 4374 tr
939 4344 981 4380 ,ro
992 4342 1013 4375 s.
1024 4336 1046 4383 8,
1058 4343 1085 4375 n.
1098 4329 1250 4393 814;Ee1]e,
1261 4327 1405 4393 Demeedi·

324 4384 779 4500 pesepgptpp{rppgrgbpppstrpmgnn.8513;
790 4383 855 4431 dum
868 4386 894 4433 S.
907 4383 1047 4444 Alphonso
1058 4392 1197 4434 contraria
1206 4393 1340 4434 sententia
1349 4399 1407 4434 visa

607 4478 611 4497 ‚
637 4478 641 4487 .
701 4477 706 4487 .
734 4459 769 4489 12.
1366 4472 1370 4476 -
