3142 5004
357 393 415 454 l8d
640 417 706 450 runs
721 415 842 463 punam.
859 417 954 452 sucuro
969 417 1008 451 111.
1027 417 1117 452 curor
1133 418 1152 451 n
1555 429 1559 484 ¹1

638 519 639 524 ¹
1558 495 1559 520 l

325 537 330 548 ’
357 569 421 610 non
452 549 597 632 abjicere
623 550 777 614 habitum
800 551 855 631 qui
882 569 973 612 mere
1000 550 1091 612 illum
1118 548 1254 633 deponit
1281 550 1323 613 ob
1342 571 1441 635 prac-

356 638 485 694 sentem
504 633 650 713 aliquam
668 631 917 696 necessitatem.

397 715 550 795 Plerique
566 723 745 779 autumant
768 715 1148 778 excommunicationem
1165 715 1264 778 istam
1282 737 1349 780 non
1368 737 1445 780 esse
1558 723 1559 790 ἦ

356 797 525 860 sublatam
560 798 599 862 C.
635 799 827 880 Apostolicoe
857 797 958 874 Sedis,
1001 817 1077 861 cum
1109 807 1240 880 spectet
1270 800 1446 864 internum
1558 805 1559 868 i

357 879 506 960 regimen
543 881 692 944 Instituti
728 881 905 962 regularis.
936 880 1079 944 Videtur
1120 888 1234 944 autem
1252 883 1447 966 ‘sinpliciter
1558 923 1559 954 2

351 961 504 1046 professos
516 984 583 1026 non
598 964 743 1044 afficere,
759 965 878 1046 quippe
891 984 975 1044 quos
988 984 1055 1026 non
1072 971 1204 1027 constet
1217 985 1291 1028 esse
1307 968 1445 1049 proprie
1558 969 1559 1028 T

356 1046 525 1128 regulares
1558 1091 1559 1126 3

173 1138 274 1200 oratioe
399 1151 429 1208 3.
452 1131 519 1191 Per
538 1149 574 1191 se
591 1128 761 1212 Regulures
776 1129 931 1213 Episcopi,
950 1129 1013 1191 nisi
1029 1129 1154 1192 luerint
1177 1150 1218 1191 ex
1241 1130 1370 1194 clericis
1388 1134 1444 1194 vel

143 1197 257 1304 {³34¹}ssss
268 1257 277 1290 ,
358 1211 528 1274 canonicis
545 1212 767 1293 regularibus,
787 1219 958 1289 tenentur,
977 1212 1116 1275 sednon
1134 1213 1196 1274 sub
1212 1216 1444 1278 excommuni·
1558 1217 1559 1260 ἶ

164 1264 180 1317 p
228 1260 244 1316 p
265 1291 270 1303 '
358 1295 506 1372 catione‚.
521 1295 562 1356 ad
579 1295 782 1358 servandum
805 1295 958 1358 habitum
982 1295 1032 1356 sui
1057 1295 1202 1358 Ordinis
1223 1296 1291 1359 Cir.
1311 1297 1444 1361 litteras
1558 1295 1559 1364 ³

357 1377 529 1440 Benedicti
545 1395 619 1454 xrv3
637 1377 675 1440 C.
693 1377 859 1440 Biennium
875 1381 993 1460 (1754),
1011 1377 1027 1459 ᾗ
1044 1400 1073 1457 3.

159 1479 302 1545 *Dispensa-
399 1485 430 1530 e.
458 1461 486 1522 A
519 1460 685 1523 delatione
712 1461 847 1522 habitus
876 1461 986 1522 directe
1009 1461 1181 1542 dispensat
1207 1463 1299 1524 solus
1327 1465 1443 1545 Papa3

142 1542 184 1583 '‘0·
357 1543 504 1605 indirecte
526 1545 702 1606 Praelatus
725 1543 902 1625 regularis,
928 1565 1003 1606 cum
1027 1545 1080 1606 vel
1103 1545 1193 1624 ejicit
1220 1546 1442 1627 Religiosum,
1558 1599 1559 1602 ,

358 1627 411 1689 vel
436 1629 564 1704 justam
587 1626 629 1687 ob
657 1645 794 1688 causam
817 1627 980 1709 praecipit
1004 1633 1117 1688 actum
1142 1627 1332 1709 exigentem
1356 1629 1445 1692 hanc
1558 1647 1559 1692 ῑ

358 1708 495 1771 habitus
509 1708 750 1772 dimissionem.

374 1908 389 1997 t
415 1923 453 2004 3.
483 1901 552 1980 De
579 1899 842 2007 Obligolioue
872 1901 1013 2007 Officii
1038 1901 1175 1982 diuini
1198 1908 1241 1982 el
1257 1903 1428 1986 Missae

758 2026 1045 2107 conventualis
1071 2149 1073 2152 Ι

355 2229 489 2298 Lcssius,
502 2232 541 2286 De
554 2231 678 2298 justitio,
692 2231 753 2295 eto,
765 2231 782 2284 l.
796 2232 819 2295 2,
833 2247 856 2286 c.
868 2234 908 2296 37,
924 2246 951 2285 n.
963 2235 996 2284 44
1009 2232 1038 2284 el
1050 2232 1075 2285 d.
1090 2233 1135 2298 12;
1148 2249 1171 2286 o.
1183 2235 1224 2294 41,
1242 2248 1268 2286 11.
1282 2234 1329 2298 23ς
1347 2234 1447 2288 Polli«
1558 2231 1559 2288 Ϊ

388 2313 503 2377 uarius,
516 2312 662 2373 llllonuola
684 2311 745 2372 eto„
765 2311 799 2364 tr.
822 2315 845 2374 5,
867 2327 890 2365 o.
903 2314 930 2376 8;
956 2314 1106 2380 Tructutus
1127 2313 1159 2368 do
1179 2312 1358 2379 Martialibus,
1379 2327 1401 2364 o.
1420 2312 1444 2375 6,

389 2403 415 2441 n.
430 2391 520 2453 11-19;
541 2391 698 2458 liuterius,
724 2391 813 2446 Tliool.
833 2407 904 2446 inor.
924 2392 1019 2459 repul..
1037 2393 1056 2444 t.
1075 2393 1098 2454 3,
1117 2391 1134 2444 l.
1153 2393 1176 2454 2,
1195 2407 1218 2444 o.
1233 2395 1262 2456 1;
1280 2393 1409 2446 Scbmal
1429 2421 1445 2432 -

388 2471 535 2537 proeber,
548 2468 578 2521 in
586 2468 607 2527 ,1.
620 2469 635 2521 3
648 2468 737 2532 Dour„
749 2470 768 2522 t.
781 2472 821 2533 41,
833 2484 860 2523 n.
882 2471 973 2535 77-85;
991 2471 1102 2538 Bouix,
1122 2473 1159 2526 De
1172 2471 1239 2539 jure
1258 2471 1441 2537 iurulentum,

389 2549 408 2600 t.
421 2550 445 2612 2,
457 2563 482 2615 p.
495 2549 518 2611 6,
531 2562 552 2600 s.
564 2551 588 2611 5,
601 2563 624 2600 c.
637 2550 660 2610 9,
671 2561 697 2615 p.
708 2550 772 2612 619;
790 2551 867 2616 Piat,
880 2551 1081 2605 Pruolecliones
1096 2551 1156 2618 jur.
1172 2567 1234 2618 rep,
1248 2563 1265 2613 1,
1278 2564 1303 2616 p.
1316 2549 1441 2610 309-343;

389 2629 529 2698 Angelus
541 2641 558 2680 a
570 2627 621 2681 SS.
636 2628 745 2694 corde,
759 2629 898 2694 Monunio,
914 2629 974 2691 eto,
988 2642 1005 2692 1,
1017 2643 1042 2695 p.
1054 2631 1170 2683 365-397.

658 2809 685 2870 1.
710 2810 762 2868 oe
786 2810 1012 2888 obligatione
1037 2783 1141 2872 cnon

172 2987 302 3056 nunnus
397 2995 485 3058 314.
509 2993 535 3054 Ι.
553 2995 605 3054 De
622 2995 729 3056 Horis
753 2995 947 3056 canonicis.
972 2995 1138 3058 Coruninui
1157 2993 1230 3076 jure
1254 2993 1276 3070 ¹,
1311 2991 1444 3054 Ordines
1558 2989 1559 3068 i

141 3060 263 3150 iiiiiifm
275 3061 301 3092 ἠ
355 3074 508 3158 Religiosi
523 3076 758 3157 astringuntur
769 3075 938 3157 psallendis
954 3078 1047 3140 horis
1065 3077 1236 3140 canonicis
1251 3077 1284 3138 in
1302 3074 1405 3138 choro.
1558 3069 1559 3134 l

166 3185 299 3244 Oolignn‘o-
398 3181 427 3222 2.
460 3157 556 3241 Quod
590 3161 631 3221 ad
660 3159 837 3240 subjectum,
869 3160 1028 3241 obligatio
1060 3161 1124 3222 ista
1152 3161 1290 3242 graviter
1321 3159 1443 3243 premit

142 3245 180 3291 nn
214 3245 298 3300 34444-
356 3243 631 3305 communitatem
648 3242 703 3304 ubi
719 3249 752 3304 et
775 3243 921 3323 quandiu
938 3245 1060 3305 adsunt
1078 3262 1218 3305 numero
1236 3241 1441 3304 sufficientes
1558 3243 1559 3298 l

143 3311 199 3348 um.
355 3325 506 3408 Religiosi
528 3325 670 3406 expediti.
696 3326 741 3388 Ut
764 3327 950 3388 communis
967 3326 1068 3388 habet
1094 3325 1274 3404 sententia,
1298 3330 1442 3406 quuiinor
1558 3299 1559 3384 i

355 3420 433 3471 sunt
450 3409 548 3486 satis;
565 3407 698 3488 expediti
718 3414 831 3470 autem
853 3409 1088 3470 existimantur
1105 3409 1159 3488 qui
1175 3409 1302 3470 viribus
1327 3409 1442 3469 valent

355 3512 416 3554 nec
432 3490 587 3572 legitimis
603 3491 881 3571 occupationibus
898 3491 1175 3572 praepediuntur.
1558 3501 1559 3572 l

397 3573 555 3637 Graviter
590 3574 702 3652 itaque
738 3573 769 3634 in
801 3575 992 3654 hujusmodi
1024 3575 1122 3635 domo
1153 3572 1443 3650 culpandus.erit

353 3657 529 3719 Praelatus
546 3656 641 3736 cujus
664 3656 868 3736 negligentia
892 3657 1047 3720 notabilis
1071 3676 1148 3737 pars
1165 3656 1263 3718 officii
1281 3655 1381 3717 luerit
1409 3655 1441 3716 in
1556 3691 1559 3736 t

354 3740 458 3802 choro
474 3739 612 3801 omissa.
636 3737 761 3820 Singuli
784 3746 897 3801 autem
914 3739 1060 3820 religiosi
1076 3741 1129 3800 vel
1146 3739 1308 3801 moniales
1325 3738 1440 3821 viden·
1558 3799 1559 3830 p

353 3830 420 3899 tur,
444 3830 520 3903 post
544 3827 636 3896 vota,
661 3820 719 3882 leni
741 3821 848 3883 teneri
872 3823 1075 3902 obligatione
1097 3821 1330 3900 frequentandi
1362 3821 1441 3882 cho-

353 3924 438 3967 rum.
463 3904 557 3987 Quae
580 3903 740 3984 obligatio
762 3925 867 3984 aeque
884 3905 986 3968 afficit
1001 3903 1181 3987 sinpliciter
1197 3924 1237 3966 ac
1253 3902 1438 3966 sollemniter
1558 3907 1559 3980 l

352 3987 532 4070 professos
550 3985 713 4048 Ordinum
730 3992 840 4049 tamen
859 3989 1077 4068 regularium.

393 4069 561 4150 Obligatio
586 4070 706 4152 evadet
723 4075 779 4151 pen
804 4071 942 4132 occidens
967 4071 1093 4152 gravis,
1123 4069 1304 4132 accedente
1335 4066 1431 4147 gravi

379 4341 387 4375 1
403 4337 523 4388 Societas
538 4339 601 4392 Jesu
617 4336 669 4385 hac
684 4335 851 4391 obligatione
866 4342 905 4385 est
921 4336 1049 4385 immunis
1058 4352 1064 4395 ;
1083 4334 1217 4384 Moniales
1236 4333 1332 4384 Ordini
1345 4348 1357 4381 s
1368 4330 1438 4380 Visi-

350 4396 460 4445 tationis
471 4396 587 4444 recitant
597 4399 703 4444 tantum
716 4394 842 4444 Officium
856 4397 886 4443 B.
902 4397 939 4443 Μ.
959 4397 992 4443 V.
