3148 5004
132 639 287 710 honesteelr'gi‘l

128 711 192 747 viam
210 711 286 748 consr-

128 756 223 806 lieren.

154 2545 203 2591 Per
213 2555 291 2590 senon

131 2608 210 2662 peccat
252 2603 292 2660 qni

135 2664 234 2707 vocatus
260 2656 292 2705 ad

135 2717 240 2772 altiora,
251 2715 291 2762 tli-

133 2777 174 2834 git
205 2779 291 2821 statum

133 2846 281 2881 communem.

339 445 380 508 80
615 507 618 513 ,
715 467 783 502 raas
799 466 920 516 quitari.
937 465 1027 503 canuc
1042 466 1052 502 1

345 603 430 666 haec
446 610 498 665 est
514 603 614 681 ratio,
633 602 721 684 quod
745 622 832 685 quae
857 603 1002 666 honesta
1025 609 1105 665 sunt
1131 602 1304 684 eliguntur
1318 623 1379 687 per
1401 625 1438 668 se

347 687 419 749 sine
441 693 597 769 peccato.
615 687 752 770 Quanto
774 687 882 767 magis
897 705 938 747 ea
953 704 1040 766 quae
1053 685 1086 748 in
1103 686 1292 769 Scripturis
1316 706 1440 770 propo-

348 775 476 831 nuntur
492 776 529 832 ut
544 769 703 832 meliora!
721 769 816 832 Neve
831 767 970 852 objicias
987 787 1093 830 onera
1108 767 1205 831 istius
1221 776 1351 850 status,
1362 790 1438 833 cum

348 851 436 915 idem
452 852 619 914 Dominus
635 851 691 932 qui
708 851 797 914 viam
814 851 961 914 ostendit
984 851 1087 914 tacite
1103 852 1281 933 promittat
1297 872 1333 915 se
1348 853 1439 915 vires

348 934 580 998 suffecturum.
605 933 651 997 Et
674 934 828 1014 quamvis
850 933 938 995 sorte
961 933 1001 995 de
1024 935 1182 1026 quopiam
1208 934 1239 998 id
1262 934 1438 998 sitminus

345 1017 420 1080 Deo
436 1022 626 1098 acceptum,
642 1036 709 1080 non
722 1016 796 1079 ideo
808 1022 923 1079 tamen
939 1022 991 1077 est
1004 1017 1211 1098 prohibitum
1227 1039 1233 1079 :
1249 1017 1337 1080 inest
1350 1019 1438 1080 enim

345 1098 378 1161 in
396 1119 433 1161 re
456 1099 566 1162 minus
590 1099 679 1161 bona
696 1098 782 1161 ratio
804 1098 895 1176 boni,
912 1098 1009 1180 cujus
1024 1100 1146 1161 electio
1162 1099 1310 1162 honesta
1330 1107 1382 1162 est
1404 1107 1438 1161 et

344 1182 419 1245 Deo
432 1187 532 1262 grata
545 1181 701 1262 quamvis
713 1181 842 1244 minore
854 1181 961 1261 gradu
971 1200 1072 1261 quam
1086 1182 1205 1244 electio
1214 1182 1262 1245 r'ei
1276 1183 1435 1246 melioris.

385 1264 450 1342 Ita,
468 1271 589 1326 contra
612 1266 725 1347 plures
740 1265 931 1340 modernos,
950 1263 986 1326 S.
1003 1262 1166 1340 Thomas,
1184 1265 1219 1326 ll.
1236 1284 1300 1340 cc.;
1318 1267 1437 1330 Passe-

344 1345 409 1408 rini
421 1347 453 1408 in
470 1368 501 1409 2.
519 1369 549 1424 2,
568 1366 599 1427 q.
618 1352 687 1426 189,
712 1352 778 1408 art.
797 1368 844 1423 10,
862 1366 896 1410 n.
914 1366 969 1424 23;
984 1345 1125 1424 Suarez,
1141 1345 1191 1408 De
1206 1345 1324 1429 Relig,
1342 1355 1386 1410 tr.
1403 1366 1433 1426 7,

344 1430 367 1490 l.
382 1450 412 1507 3,
426 1448 455 1490 c.
470 1453 502 1511 4,
520 1449 553 1491 n.
571 1451 583 1492 1
602 1450 609 1504 ;
627 1429 715 1507 Piat,
729 1436 754 1491 t.
772 1450 800 1505 1,
815 1448 847 1509 p.
862 1447 899 1508 35
914 1440 981 1491 etc.
1007 1429 1124 1509 Neque
1139 1427 1237 1490 aliter
1252 1430 1434 1509 explicabis

345 1530 421 1572 cum
452 1511 542 1574 dicta
580 1511 642 1574 SS.
674 1512 815 1575 Patrum
846 1511 855 1538 ¹
887 1511 1008 1591 quibus
1044 1531 1078 1574 v.
1109 1529 1160 1592 gr.
1196 1511 1433 1573 commendant

344 1593 583 1657 universaliter
614 1593 806 1674 religiosam
835 1593 1090 1675 professionem,
1122 1592 1175 1655 vel
1200 1591 1369 1655 affirmant
1400 1594 1434 1655 in

344 1676 493 1738 omnium
514 1683 682 1757 potestate
698 1696 772 1739 esse
789 1676 878 1738 hanc
901 1676 1047 1756 gratiam
1066 1676 1258 1758 impetrare,
1290 1677 1344 1737 vel
1367 1695 1435 1737 non

345 1757 503 1838 rejiciunt
529 1759 745 1841 hypothesim
772 1778 839 1839 qua
864 1779 982 1821 omnes
998 1756 1151 1826 colerent
1173 1757 1435 1836 continentiam

345 1846 417 1902 tum
433 1841 609 1919 antiquum
626 1861 724 1904 usum
740 1861 806 1922 quo
821 1841 944 1903 licebat
961 1842 1159 1923 parentibus
1175 1861 1300 1925 pueros
1316 1839 1437 1904 offerre

345 1923 497 2002 religioni
515 1923 672 2005 ipsosque
687 1923 794 1986 eidem
810 1923 843 1986 in
859 1935 1061 2006 perpetuum
1079 1925 1274 2008 mancipare
1289 1925 1314 1987 .².

385 2004 629 2089 Impedimenta
642 2016 756 2068 autem
769 2007 802 2068 in
815 2005 854 2068 iis
867 2007 923 2087 qui
936 2025 999 2067 usu
1012 2007 1190 2089 potiuntur
1203 2007 1355 2084 rationis,
1370 2024 1437 2067 non

345 2098 425 2149 sunt
448 2088 511 2150 nisi
534 2089 708 2150 contraria
730 2089 903 2170 obligatio,
930 2108 1015 2169 quae
1039 2089 1212 2154 conciliari
1229 2090 1345 2170 nequit
1361 2107 1436 2150 cum

344 2170 563 2233 observantia
580 2171 808 2233 consiliorum.
826 2173 901 2234 Non
915 2172 1030 2233 obstat
1054 2191 1136 2252 ergo
1160 2178 1270 2235 status
1293 2171 1435 2254 peccati.

345 2253 461 2333 Neque
483 2254 585 2332 enim,
603 2253 638 2316 in
663 2253 758 2317 initio
783 2253 1027 2331 conversioniS,
1056 2257 1250 2347 postulatur
1277 2255 1436 2317 vitiorum

345 2337 549 2413 emendati0,
581 2356 689 2416 neque
712 2336 909 2400 'emendatio
939 2346 990 2400 est
1020 2338 1121 2408 alicui
1156 2337 1331 2420 impervia.
1366 2335 1437 2399 Clr.

346 2418 381 2479 S.
399 2418 569 2481 Thomam
583 2439 612 2480 2.
632 2441 662 2496 a,
677 2439 710 2500 q.
732 2426 800 2499 189,
818 2430 882 2483 art.
902 2443 930 2483 1.

391 2502 477 2565 128.
504 2524 534 2564 2.
564 2501 614 2562 De
642 2502 817 2564 necessitate
842 2500 1069 2582 obtemperandi
1095 2501 1219 2570 diuinae
1243 2499 1436 2563 invitationi.

348 2608 361 2636 r
381 2582 476 2644 Haec
492 2590 544 2644 est
561 2583 749 2646 differentia
761 2586 850 2648 inter
866 2586 1041 2647 consilium
1056 2595 1089 2646 et
1102 2589 1333 2666 praeceptum,
1348 2583 1436 2664 quod

345 2675 564 2746 praeceptum
587 2665 749 2746 importat
775 2669 1026 2742 necessitatem,
1058 2665 1234 2730 consilium
1262 2675 1376 2730 autern
1403 2665 1437 2727 in

345 2750 481 2829 optione
494 2750 631 2830 ponitur
646 2751 719 2830 ejus
736 2750 790 2812 cui
806 2750 905 2812 datur
921 2750 944 2812 ³.
963 2777 976 2805 »
995 2750 1108 2832 Quare
1118 2753 1175 2829 prr
1189 2768 1219 2809 se
1236 2768 1301 2810 non
1319 2755 1437 2831 peccat

346 2831 401 2911 qui
413 2831 514 2892 aDeo
526 2830 568 2892 ad
581 2830 785 2912 perfectiora
799 2833 961 2895 invitatus
975 2833 1067 2914 eligit
1080 2831 1296 2896 nihilominus
1309 2839 1436 2893 statum

347 2932 572 2976 communem.
604 2914 679 2975 Hoc
711 2916 871 2978 convenit
898 2916 985 2978 inter
1011 2934 1141 2993 omnes,
1170 2914 1198 2976 si
1228 2914 1363 2976 vocatio
1392 2913 1436 2975 sit

346 2995 522 3057 dumtaxat
534 2995 714 3077 generalis;
730 2999 770 3060 de
785 2996 910 3078 speciali
935 3005 1050 3061 autem
1077 3017 1138 3060 cur
1161 2997 1260 3062 aliter
1286 2997 1436 3059 dicamus

346 3097 414 3140 non
441 3088 595 3161 apparet.
624 3080 782 3161 Quandiu
807 3081 897 3143 enim
921 3081 1014 3142 Deus
1038 3100 1105 3142 non
1128 3080 1237 3162 jubet,
1264 3079 1434 3161 optionem

347 3179 505 3223 censetur
520 3163 728 3243 permittere,
747 3183 809 3224 nec
827 3163 1013 3243 captiosam
1031 3170 1165 3225 tantum
1184 3181 1250 3246 qua
1266 3180 1435 3242 congruae

346 3244 476 3324 gratiae
500 3245 682 3326 negatione
708 3247 900 3308 sanciretur
927 3265 1009 3308 usus
1035 3244 1213 3322 libertatis,
1232 3245 1290 3306 sed
1306 3263 1432 3319 veram,

346 3328 393 3389 ita
416 3336 454 3389 ut
469 3328 549 3390 Deo
573 3347 641 3389 non
665 3328 842 3411 displiceas
865 3329 1062 3391 utrumlibet
1086 3328 1228 3408 elegeris
1252 3327 1275 3390 ⁴.
1300 3327 1435 3390 Minime

375 3528 383 3562 1
400 3523 455 3572 Cfr.
468 3539 494 3571 v.
512 3538 550 3580 gr.
569 3525 596 3572 S.
609 3525 706 3578 Joann.
720 3521 858 3582 Chrysost.
874 3524 911 3570 De
932 3524 1079 3581 virginitate
1090 3524 1139 3580 (M.
1154 3525 1185 3572 P.
1199 3524 1233 3572 G.
1244 3527 1263 3571 t.
1275 3523 1329 3578 qni:
1343 3520 1436 3584 8.,ογ-

365 3583 483 3633 riarium.
496 3583 533 3628 De
544 3582 627 3628 habitu
638 3583 770 3637 virginum,
783 3595 807 3627 c.
820 3589 847 3628 23
860 3582 909 3636 (M.
924 3582 955 3628 P.
969 3581 1001 3629 L.
1014 3591 1033 3629 t.
1053 3601 1075 3638 4.
1091 3595 1115 3629 c.
1128 3587 1197 3638 463l;
1211 3583 1236 3630 S.
1250 3577 1435 3632 Ambrosium,

345 3599 383 3689 Le
401 3639 534 3696 virginibus
554 3648 581 3684 et
601 3639 638 3685 De
659 3639 806 3697 Virginitate
822 3640 872 3696 (M.
887 3639 918 3686 P.
932 3639 963 3686 L.
978 3647 996 3686 t.
1013 3645 1060 3694 iot:
1074 3640 1101 3688 S.
1115 3638 1306 3700 Augustinum.
1320 3637 1357 3684 De
1367 3635 1436 3682 Bono

345 3699 413 3756 conju
430 3699 473 3752 ali,
486 3710 511 3742 c.
526 3713 552 3742 ιο
563 3697 612 3753 (M.
633 3697 664 3742 P.
678 3696 735 3743 L.t
763 3714 800 3753 40·
813 3710 837 3755 c..
856 3699 921 3752 381);
937 3697 964 3746 S.
987 3697 1199 3755 Hieronymum,
1222 3697 1253 3748 Iu
1271 3695 1364 3742 Matri.
1381 3705 1435 3740 xix.

347 3761 388 3803 nt
427 3791 431 3800 .
446 3755 476 3800 P.
490 3753 523 3801 L.
537 3760 555 3800 t.
568 3762 606 3810 26,
618 3768 642 3801 c.
658 3761 722 3808 1351;
737 3755 762 3802 S.
778 3753 958 3809 Bernardum,
971 3755 1119 3801 Dradventu
1129 3755 1243 3810 Domini,
1256 3766 1336 3801 serm.
1349 3759 1372 3809 3,
1385 3757 1434 3798 ns

345 3814 395 3872 (M.
414 3812 444 3858 P.
459 3811 491 3858 L.
505 3819 590 3874 12183,
609 3825 633 3859 c.
646 3819 684 3868 451
700 3821 727 3858 et
738 3811 765 3858 in
778 3812 839 3858 loco
849 3812 933 3860 allato
943 3825 959 3859 a
970 3812 1076 3867 Lessio,
1088 3813 1136 3860 cit.
1147 3825 1242 3870 opusc.
1255 3825 1282 3860 n.
1296 3819 1331 3857 31.

374 3874 385 3907 Β
396 3867 480 3916 Nefas
491 3868 638 3916 entmloret
647 3869 786 3926 imponere
795 3867 832 3915 ab
843 3868 958 3916 infantia
967 3870 1157 3918 necessitatem
1166 3877 1251 3917 status
1260 3868 1307 3927 qui
1317 3870 1434 3925 nequeat

345 3925 382 3976 ab
393 3923 521 3973 omnibus
532 3925 644 3974 honeste
655 3925 727 3986 eligi.
741 3928 783 3974 De
794 3925 887 3985 pueris
897 3926 1007 3984 oblatis,
1020 3928 1069 3977 cir.
1085 3927 1165 3984 intra,
1177 3941 1201 3975 c.
1215 3946 1226 3976 2
1237 3931 1248 3983 ἓ
1258 3944 1270 3978 2
1281 3925 1318 3973 De
1329 3927 1435 3972 libertate

345 3983 495 4042 ingrediendi
505 3983 660 4042 Religionem.
1447 4001 1450 4009 ⁴

374 4045 418 4088 ³1.
429 4059 451 4096 2,
464 4055 490 4100 q.
505 4049 556 4096 108,
569 4049 620 4089 art.
633 4063 657 4099 4.

273 4135 276 4138 -
374 4101 443 4147 ⁴lta
460 4097 743 4152 Ambrosiaster.ln1
764 4099 796 4147 ad
808 4100 919 4147 Corinth.
932 4117 954 4158 7.
972 4115 995 4156 7.
1017 4100 1239 4166 «Unusquisque
1265 4105 1330 4150 uxta
1341 4103 1435 4145 votum

345 4171 426 4206 suum
445 4156 547 4204 donum
559 4157 611 4205 Dei
623 4157 716 4213 habet,
731 4166 770 4212 ut.
782 4156 804 4223 si
823 4159 897 4213 velit,
909 4156 995 4223 ipsius
1004 4168 1071 4206 nutu
1086 4160 1136 4223 Der
1149 4113 1361 4221 possibilitatem
1372 4169 1435 4220 con-

345 4224 485 4279 sequatur.
504 4215 570 4263 Ideo
578 4229 636 4280 ¹non
648 4214 729 4281 debet
740 4230 802 4281 quis
813 4222 969 4281 constringi.
983 4230 1026 4273 ne,
1045 4231 1062 4264 a
1074 4218 1150 4265 licito
1154 4212 1326 4321 1prohibitus,
1340 4213 1437 4260 illicita

346 4274 490 4329 admittat:
508 4274 555 4321 sed
576 4287 635 4338 ipse
653 4273 708 4322 sibi
724 4276 806 4332 eligat
825 4276 892 4333 quid
903 4284 1067 4334 sequatur.»
1084 4275 1134 4322 tM.
1181 4311 1186 4320 .
1207 4273 1230 4320 L

346 4333 409 4392 Qua
427 4345 507 4378 nixus
521 4340 686 4380 auctoritate
707 4332 852 4380 Cornelius
867 4347 883 4379 a
899 4331 1016 4391 Lapide‚
1035 4332 1062 4378 in
1078 4277 1435 4389 h.1.,haec1irrit⁷irip²ri⁷i
1451 4375 1455 4383 ,

346 4393 421 4436 clara
434 4402 441 4435 ;
455 4406 463 4432 ι
478 4388 556 4452 ¹Elige
571 4395 673 4452 statum
685 4403 766 4449 quem
776 4390 817 4435 vis
828 4398 855 4436 et
872 4392 946 4437 Deus
957 4387 1035 4438 dabit
1046 4388 1096 4437 tibi
1108 4390 1224 4447 gratiam
1235 4396 1435 4447 competentem
1451 4394 1453 4400 '

347 4454 373 4493 et
391 4458 540 4505 propriam,
558 4455 589 4493 ut
607 4447 694 4494 millo
706 4455 778 4494 statu
790 4447 916 4495 decenter
927 4456 953 4495 et
964 4456 1057 4496 sancte
1068 4447 1154 4495 vivas.
1168 4463 1177 4490 ι
