3148 5004
136 387 273 472 [46-47]
339 409 376 445 us
393 407 498 443 srsrus
514 405 651 442 austerosr
667 405 763 456 nurus
777 406 814 442 ar
829 407 1028 446 euocurssruus
1184 389 1224 452 33

139 547 264 623 lectus3
284 544 362 606 dum
379 540 548 605 institutio
570 559 752 625 puerorum
768 561 864 622 quos,
888 563 908 604 a
923 545 1119 627 paren-tibus
1134 545 1226 608 obla·

138 633 204 706 tos,
238 625 424 709 recipiebat
459 625 495 689 S.
523 623 741 703 Benedictus
773 624 903 688 initium
932 625 995 688 suit
1031 627 1226 692 scholarum

136 709 381 802 claustralium.

138 880 185 974 Ill
198 861 403 944 Paneheou.
420 880 461 944 lle
477 847 685 958 religiosorum
703 876 794 942 lstlus
808 877 919 943 aetatis
935 879 1052 945 sallone
1063 880 1227 946 subseciva

180 1038 244 1101 46.
260 1035 335 1118 Jam
358 1033 504 1097 vidimus
531 1053 596 1095 non
620 1031 654 1094 in
670 1053 738 1095 una
753 1032 909 1096 orientali
923 1034 1089 1113 Ecclesia,
1106 1055 1225 1098 verum

140 1117 241 1180 etiam
268 1119 302 1179 in
328 1115 542 1194 occidentali,
571 1115 806 1178 celeberrimos
822 1117 997 1198 episcopos
1021 1124 1054 1179 et
1070 1120 1226 1180 doctores

141 1199 244 1262 fuisse
271 1199 370 1260 simul
393 1199 572 1279 religiosae
588 1197 679 1259 vitae
695 1197 904 1280 professores
919 1208 953 1263 et
969 1206 1227 1283 propagatores.

143 1283 239 1364 Quod
256 1281 417 1363 peculiari
433 1281 629 1363 disciplinae
645 1281 823 1361 religiosae
848 1280 937 1344 viam
962 1283 1108 1362 paravit.
1126 1284 1228 1345 Nam-

142 1383 207 1444 que
234 1364 269 1426 S.
296 1363 464 1426 Eusebius
494 1363 719 1426 Vercellensis
747 1363 781 1444 (†
814 1369 887 1443 371)
917 1364 1029 1427 studio
1065 1365 1227 1447 impulsus

143 1446 358 1510 reformandi⁴
374 1445 623 1524 ecclesiasticos
650 1465 772 1522 mores,
790 1445 823 1506 iu
850 1448 985 1530 propria
1011 1448 1122 1525 domo,
1149 1467 1226 1510 cum

143 1531 233 1591 clero
263 1548 326 1590 suo
355 1531 460 1593 vitam
492 1528 560 1610 egit
598 1527 854 1591 monachalem:
880 1531 968 1608 quod
991 1529 1141 1592 imitatus
1175 1536 1227 1593 est

143 1611 180 1674 S.
197 1611 420 1692 Augustinus.
444 1612 476 1673 Is
502 1612 566 1672 ‘am
595 1609 723 1693 pridem
751 1630 826 1671 cum
843 1611 1041 1691 quibusdam
1058 1613 1227 1694 discipulis

143 1719 157 1748 «
175 1694 239 1755 Dei
254 1713 391 1756 servum
411 1721 423 1749 s
438 1713 474 1755 se
488 1631 626 1763 iecerat,
642 1693 735 1774 prius
747 1693 901 1774 Tagasti,
915 1695 947 1757 in
962 1703 1104 1776 paterna
1116 1696 1226 1773 dom0,

139 1795 287 1856 -quam
301 1796 402 1838 unam
416 1795 456 1837 ex
470 1776 564 1838 bonis
577 1776 647 1838 suis
659 1775 858 1854 retinuerat,
867 1784 984 1839 —tum
993 1777 1025 1839 in
1033 1777 1227 1859 Hipponen-

141 1857 169 1920 si
185 1858 279 1933 urbe,
293 1858 350 1920 ubi
366 1858 538 1920 reluctans
551 1858 726 1942 ordinatus
738 1869 790 1919 est
814 1860 985 1920 sacerdos.
1003 1860 1134 1939 ltaque,
1153 1867 1228 1942 post

139 1939 388 2022 cooptationem
404 1957 498 2002 suam
516 1941 547 2002 in
560 1939 870 2022 Episcopum,haec
888 1942 927 2002 de
944 1961 980 2003 se
994 1949 1047 2002 est
1062 1949 1226 2006 testatus:

144 2049 158 2078 e
173 2023 272 2084 Volui
290 2023 416 2085 habere
428 2023 462 2085 in
478 2024 542 2085 ista
558 2025 656 2084 domo
671 2023 828 2106 Episcopi
840 2043 971 2086 mecum
985 2025 1228 2086 monasterium

142 2106 341 2168 clericorum
355 2105 377 2168 ¹.
395 2131 408 2161 s
424 2107 549 2188 Quare,
565 2107 628 2167 etsi
640 2107 789 2178 nondum
806 2107 921 2167 variae
945 2114 1025 2167 tunc
1049 2106 1228 2186 religiones

143 2187 302 2268 distingui
329 2199 484 2270 possunt,
512 2188 545 2248 in
574 2189 638 2250 hac
665 2196 778 2249 tamen
802 2187 911 2268 specie
935 2188 1226 2270 deprehendimus,

142 2276 219 2352 post
242 2275 430 2352 exemplum
455 2271 491 2334 S.
518 2269 656 2332 Eusebii
679 2269 915 2348 Vercellensis
933 2269 1110 2350 collegium
1135 2271 1229 2333 cleri-

143 2371 261 2414 corum
284 2354 352 2432 qui,
380 2361 417 2414 ut
444 2353 513 2434 ipse
529 2353 576 2414 ait
604 2353 640 2416 S.
657 2353 879 2432 AugustinuS,
898 2352 992 2414 binas
1017 2371 1071 2414 res
1087 2352 1228 2434 professi

142 2444 222 2497 sunt
251 2445 317 2497 «et
344 2435 561 2497 sanctitatem
587 2444 621 2496 et
648 2435 868 2497 clericatum²
887 2461 915 2498 s.
939 2436 992 2500 Ex
1014 2435 1229 2498 monasteriis

142 2516 409 2598 hipponensibus
435 2519 549 2580 decem
571 2521 693 2579 saltem
721 2517 1089 2604 prodieruntepiscopi
1105 2520 1229 2582 sancti·

142 2605 212 2683 tate
229 2609 263 2661 ct
280 2601 435 2662 doctrina
452 2600 635 2682 conspicui.

308 2740 390 2858 id·
420 2755 489 2835 De
514 2755 726 2836 canonicis
753 2754 1025 2862 regularibus
1053 2759 1064 2794 ³

184 2933 249 2998 47.
266 2934 316 2995 Ad
330 2935 520 3015 exemplum
537 2934 573 2998 S.
590 2934 728 2996 Eusebii
751 2932 977 2996 Vercellensis
1001 2940 1034 2995 et
1062 2933 1098 2997 S.
1115 2935 1229 3014 Augu·

143 3013 236 3092 stini,
254 3028 438 3096 coeperunt
461 3017 573 3094 plures
590 3017 759 3079 antistites
776 3016 864 3078 inter
881 3019 1009 3078 clerum
1026 3035 1107 3077 suae
1123 3023 1229 3077 eccle·

144 3097 215 3157 siae
244 3096 402 3159 inducere
427 3100 532 3161 vitam
560 3118 785 3174 communem,
804 3099 975 3180 proposita
1002 3099 1121 3178 regula
1144 3117 1229 3178 quae

144 3198 186 3240 ex
211 3179 318 3240 sacris
346 3181 563 3244 conciliorum
591 3181 777 3244 canonibus
809 3200 965 3261 magnam
992 3188 1123 3261 partem
1155 3177 1243 3242 erat

143 3262 332 3342 desumpta.
361 3262 516 3326 Omnium
542 3264 760 3326 celeberrima
782 3282 822 3324 ea
845 3271 896 3324 est
919 3281 1020 3339 quam
1035 3261 1069 3322 a⁰
1085 3266 1145 3341 766
1160 3263 1229 3324 Me-

143 3344 249 3406 tensis
260 3344 449 3438 Episcopus
463 3347 498 3408 S.
510 3347 777 3427 Chrodegangus
790 3344 860 3406 suis
873 3343 1003 3406 clericis
1016 3344 1228 3424 praestituit:

136 3445 230 3506 ,quae
246 3428 402 3511 deinceps
419 3427 452 3490 in
467 3429 573 3491 variis
596 3431 678 3492 locis
702 3435 753 3491 est
779 3427 937 3490 admissa.
953 3426 1006 3487 lta
1022 3425 1149 3486 factum
1165 3433 1228 3503 est,

143 3515 181 3569 ut
198 3510 308 3572 clerici
321 3512 541 3573 ecclesiarum
553 3519 625 3572 tum
638 3511 882 3573 cathedralium
900 3518 971 3570 tum
996 3507 1229 3589 principalium

146 3590 226 3653 dicti
241 3593 308 3655 sint
330 3593 480 3670 canonici,
505 3594 583 3674 quia
609 3595 651 3654 ad
679 3592 924 3674 praescriptum
951 3601 1064 3652 certae
1094 3591 1230 3670 regulae

144 3691 205 3734 seu
217 3675 341 3736 careonis
354 3695 565 3738 communem
579 3675 744 3756 degebant
756 3675 874 3737 vitam.
885 3674 949 3756 Qui
963 3674 1064 3736 etiam
1077 3675 1230 3736 solebant

145 3758 372 3824 communiter
398 3759 431 3820 in
458 3759 601 3820 ecclesia
623 3757 738 3820 laudes
765 3759 838 3819 Deo
860 3758 1015 3837 psallere.
1035 3755 1231 3818 Institutum

144 3837 233 3901 istud
242 3840 492 3921 plurimumiuit
502 3839 1230 3918 commendatum,immofirmatumsanctio·

143 4047 258 4108 Syria‚s
278 4061 304 4104 ν,
326 4048 373 4110 qui
390 4049 482 4105 etlam,
495 4048 522 4096 in
534 4048 628 4109 aliquo
644 4049 739 4096 saltem
752 4043 925 4094 monasterio.
941 4043 1007 4092 dicti
1026 4051 1090 4112 sunt
1100 4046 1228 4094 Acemelae.

142 4108 244 4163 (Besse,
263 4121 308 4166 op.
323 4109 370 4156 cit.
387 4116 426 4166 46,
443 4125 471 4165 47
481 4121 487 4164 ;
508 4106 664 4155 conserend.
683 4119 745 4153 cum
758 4103 895 4158 Ladeuze,
908 4103 983 4149 Revree
997 4101 1078 4150 d'lrest.
1097 4104 1149 4150 eccl.
1165 4122 1229 4163 1900,

141 4173 349 4288 P·1³§{,¹‡,‘,'J;'355,
364 4223 402 4270 M.
414 4223 445 4270 P.
460 4224 491 4270 L.
506 4230 524 4270 t.
537 4229 573 4280 39,
586 4235 610 4268 c.
625 4229 689 4278 1570.

169 4281 180 4316 ‘2
192 4279 265 4328 lbrd.
277 4283 329 4330 col.
344 4289 408 4338 1573.
1003 4333 1008 4341 ι

170 4338 248 4388 ³Clr.
262 4340 373 4398 Helyot.
386 4353 431 4398 op.
445 4337 490 4386 cit.
500 4344 519 4385 t.
532 4356 553 4386 2.
568 4334 769 4398 Hergenrdther
778 4339 839 4388 etc..
854 4331 1060 4389 Kirrlenleercon,
1073 4348 1100 4380 v.
1111 4333 1232 4380 Cerreonict'

143 4397 278 4456 Regulnres,
291 4398 316 4444 K
318 4399 462 4449 reuehereen,
476 4397 588 4443 Norherl.

1148 4475 1164 4526 3

1306 1047 1447 1096 Peculr'arr's

1278 1105 1417 1174 disciplinae

1278 1178 1355 1223 ongo.

1289 1358 1317 1404 S.
1326 1351 1447 1404 Eusebius

1284 1415 1435 1462 Vercellensis

1310 1609 1338 1654 S.
1349 1609 1442 1668 Aegeas·

1283 1665 1360 1714 linus.

1314 2955 1410 3002 Genesis
1484 3001 1487 3004 .

1284 3015 1354 3059 istius
1367 3013 1442 3060 Insti-

1285 3073 1337 3118 tuli.

1316 3373 1405 3430 Regula

1284 3432 1312 3478 S.
1328 3431 1429 3480 Clee'ode-

1282 3492 1367 3549 gange.
