3142 5004
90 867 235 938 l'ispramir·

70 919 236 988 armaricam

74 984 217 1034 aPraetarc.

104 1597 167 1665 Quae
181 1612 232 1646 ma-

73 1658 133 1702 teria
155 1669 229 1714 graue

69 1712 232 1770 111111111νί-

72 1769 162 1830 legiam,

100 2650 192 2698 Contra

71 2707 236 2768 obligationem

71 2767 133 2879 pgqc
146 2771 230 2834 paupe·

100 3208 227 3260 Exclusia·

69 3271 219 3330 nemprapric

69 3328 135 3376 tatis.
149 3326 163 3375 ἓ

97 3415 219 3478 Smlfatia

67 3475 222 3547 cammqaiar.

75 3830 169 3890 Duplex
178 3833 226 3892 ejas

67 3891 140 3937 ralia.

294 481 354 546 158
584 499 791 551 1111111111.
807 501 903 540 eremo
918 502 959 540 111.
977 501 1068 540 111111
1083 501 1104 540 11

293 639 451 708 tuendum,
463 637 503 709 id,
515 653 567 711 pro
577 637 658 695 bona
667 636 715 695 vel
724 637 805 694 mala
817 635 986 710 recipientis
999 633 1067 706 lide,
1079 634 1206 694 variabit
1215 635 1382 699 secundum

293 723 412 798 regulas
424 721 578 796 generales
598 719 659 779 etr.
674 719 705 778 S.
720 719 811 793 Alph.
827 735 873 794 31,
890 719 1041 789 Palmieri,
1056 719 1077 776 l.
1094 734 1120 789 1,
1134 737 1166 776 n.
1183 732 1244 794 151.
1263 734 1325 795 152.

335 829 426 898 264.
449 829 656 896 Promissioni
681 849 747 910 qua
766 828 926 911 praelatus
941 827 1098 910 religioso
1113 827 1331 910 spoponderit
1345 849 1382 894 se

293 913 419 996 aliquid
445 913 507 1000 ipsi
522 914 576 977 vel
598 911 695 977 alteri
712 913 881 990 daturum,
899 913 953 974 vel
969 911 1028 974 tali
1044 907 1144 973 modo
1166 928 1203 972 re
1227 930 1379 994 usurum,

293 996 409 1078 nequit
422 999 514 1076 (ante
529 995 798 1078 acceptationem
816 994 920 1070 tertii)
936 993 1045 1056 teneri
1069 1013 1111 1055 ex
1125 991 1280 1074 juata,-
1302 993 1380 1062 licet

294 1077 383 1160 quod
404 1080 447 1143 ad
463 1079 718 1162 promissionem
734 1077 880 1142 donandi
903 1085 979 1160 post
1002 1083 1146 1139 mortem
1169 1077 1382 1146 contradicat

294 1162 331 1227 S.
344 1163 549 1245 Alphonsus,
564 1163 587 1230 Ι,
602 1164 690 1244 4(5·,
704 1182 755 1236 11,
773 1164 849 1244 post
860 1160 1027 1236 Sanchez,
1049 1157 1083 1220 ia
1097 1159 1186 1227 Dec..
1205 1159 1228 1223 1.
1246 1178 1276 1242 7,
1301 1179 1333 1228 c.
1348 1184 1379 1245 9,

294 1265 328 1309 n.
341 1267 389 1325 13.
400 1244 500 1308 Ratio
516 1252 579 1321 est,
593 1249 671 1325 quia
683 1243 893 1326 paupertatis
905 1251 986 1305 voto
998 1241 1178 1324 impeditur
1190 1241 1378 1326 religiosae,

293 1327 473 1409 quominus
484 1327 540 1409 jus
552 1327 716 1390 adversus
732 1328 921 1410 praelatum
937 1323 1104 1406 acquirat.
1119 1323 1185 1388 Sed
1197 1324 1225 1386 si
1237 1325 1379 1392 honesta

293 1411 337 1473 sit
352 1411 543 1494 promissio,
568 1410 623 1472 hic
651 1407 774 1471 veniali
794 1403 959 1490 fidelitatis
975 1405 1181 1488 obligatione
1196 1407 1375 1472 tenebitur.

293 1492 366 1558 Cir.
381 1491 548 1561 Palmieri,
565 1495 588 1556 1.
605 1512 635 1555 c.
650 1511 715 1556 n.r
721 1509 772 1572 55.

333 1597 487 1664 111111
510 1617 598 1660 nunc
623 1598 774 1661 dicamus
797 1597 838 1662 de
859 1598 1030 1680 gravitate
1052 1603 1169 1660 reatus
1189 1597 1246 1677 qui
1265 1599 1320 1682 par
1341 1617 1377 1662 se

293 1681 381 1744 inest
404 1681 436 1743 in
452 1680 522 1742 voti
546 1679 642 1742 istius
664 1681 860 1759 violatione,
887 1681 907 1743 i.
925 1700 956 1744 e.
974 1681 1076 1759 gravi
1093 1681 1295 1760 sacrilegio,
1313 1701 1379 1744 non

293 1761 334 1826 de
349 1763 548 1827 accidentali
570 1764 633 1826 et'si
656 1762 822 1845 frequenti
846 1763 1041 1826 accessione
1058 1762 1212 1845 injuriae,
1230 1765 1380 1827 recolen-

294 1844 374 1909 dum
389 1845 482 1928 prius
497 1852 549 1908 est
564 1845 686 1927 duplex
700 1866 798 1930 posse
813 1865 886 1909 esse
903 1846 975 1909 voti
994 1845 1178 1928 objectum.
1194 1846 1269 1910 Deo
1292 1849 1380 1910 enim

293 1927 504 2012 promittitur
518 1929 572 1991 vel
585 1933 683 1991 status
691 1929 894 2011 paupertatis,
912 1929 1009 2007 haec,
1024 1929 1172 2010 inquam,
1187 1928 1276 1991 ratio
1290 1930 1379 1992 vitae

293 2031 378 2094 quae
395 2010 569 2074 hominum
586 2018 638 2074 est
653 2013 794 2093 exiguae
809 2011 966 2076 fortunae
981 2031 989 2090 ;
1007 2012 1061 2073 vel
1078 2009 1232 2074 abdicatio
1248 2010 1381 2079 dominii

292 2096 412 2158 saltem
427 2094 582 2158 actualis.

327 2199 428 2258 Ambo
443 2197 618 2274 plerumque
630 2199 864 2280 conjunguntur.
881 2200 979 2258 Possit
991 2208 1104 2272 tamen,
1119 2200 1150 2260 in
1164 2199 1265 2258 seculo
1278 2217 1308 2261 v.
1323 2217 1377 2276 gn,

291 2285 396 2359 prioris
410 2293 527 2344 tantum
547 2285 671 2344 rationis
688 2286 789 2344 voveri
807 2295 975 2360 paupertas,
996 2286 1050 2342 etsi
1062 2284 1168 2342 solitus
1181 2285 1220 2342 sit
1229 2295 1379 2359 praeterea

290 2368 452 2440 abiudicari
475 2386 546 2426 usus
567 2369 771 2444 independens
792 2387 811 2426 a
826 2370 982 2427 voluntate
1001 2366 1192 2428 Confessarii.
1208 2367 1272 2428 Nec
1292 2369 1381 2442 plane

290 2461 407 2509 constat
428 2453 459 2510 in
484 2453 677 2524 religionibus
703 2454 781 2510 hanc
806 2454 934 2526 priorem
960 2453 1118 2522 rationem,
1148 2469 1207 2525 qua
1230 2451 1381 2526 superflua

290 2535 497 2606 excluduntur,
517 2537 572 2593 sub
592 2547 694 2594 votum
715 2554 767 2610 per
784 2554 817 2594 se
835 2537 953 2613 subjici.
973 2535 1033 2595 cfr.
1054 2555 1086 2595 n.
1109 2547 1182 2608 240.

335 2654 363 2697 1.
387 2631 583 2717 Obligatioai
603 2635 717 2717 agendi
737 2635 835 2700 vitam
851 2639 1016 2718 paiapcmm
1036 2637 1175 2720 grauiter
1198 2635 1378 2698 adversatur

290 2715 457 2798 quicquid,
476 2717 507 2778 in
525 2718 645 2782 morali
660 2717 919 2796 existimatione,
937 2719 1166 2783 videtur'huic
1178 2718 1267 2781 vitae
1280 2723 1377 2780 nota-

291 2799 400 2861 biliter
417 2799 591 2879 derogare,
610 2801 631 2863 i.
648 2819 679 2866 e.
703 2809 922 2883 sumptuosus
945 2809 1044 2864 tenor
1059 2803 1162 2878 vitae,
1178 2799 1376 2884 praesertim

289 2881 484 2946 habitualis.
502 2881 589 2965 Quid
605 2889 718 2948 autem
734 2884 778 2946 sit
803 2885 963 2962 nimium,
978 2885 1225 2948 aestimandum
1259 2889 1310 2946 est
1337 2903 1378 2946 ex

289 2964 363 3047 ipso
378 2963 485 3044 gradu
509 2965 694 3046 promissae
718 2968 942 3048 paupertatis.
959 2968 1036 3032 Hoc
1053 2966 1151 3030 affert
1168 2967 1208 3030 C.
1224 2967 1263 3029 de
1279 2965 1377 3047 Lugo

290 3049 490 3129 exemplum,
501 3046 528 3109 si
541 3048 718 3129 religiosus
728 3049 997 3134 SocietatisJesu
1008 3051 1133 3112 habeat
1147 3076 1161 3104 e
1177 3055 1377 3112 ornamenta

290 3129 397 3193 serica
414 3130 456 3192 ad
472 3132 609 3209 lectum,
628 3134 681 3194 vel
696 3132 835 3212 triginta
850 3133 983 3195 indusia
1000 3132 1089 3196 linea
1105 3133 1147 3194 ad
1162 3152 1261 3194 suum
1277 3151 1375 3195 usum

289 3211 472 3296 privatum.
492 3240 505 3270 o
532 3212 601 3277 cfr.
619 3213 739 3277 dehac
762 3234 798 3276 re
814 3215 854 3278 C.
871 3216 911 3278 de
931 3216 1043 3296 Lugo,
1062 3216 1094 3278 d.
1113 3237 1143 3295 3,
1167 3235 1202 3278 n.
1231 3219 1375 3294 183·188.

330 3329 361 3371 2.
385 3309 434 3370 Dc
449 3312 574 3391 peccato
594 3308 724 3373 illicitae
740 3311 943 3393 proprietatis
958 3317 980 3374 ¹.

330 3407 364 3483 a)
389 3404 516 3467 Multae
541 3412 627 3467 sunt
649 3405 848 3470 sententiae.
876 3408 1047 3473 Attamen,
1079 3404 1125 3468 ob
1153 3403 1376 3468 extrinsecam

288 3493 511 3569 patronorum
536 3489 789 3565 auctoritatem,
820 3488 959 3550 concedi
989 3494 1102 3570 potest
1132 3486 1167 3548 in
1195 3487 1376 3550 scatentium

288 3571 536 3647 communiorem,
562 3570 744 3632 secundum
767 3589 867 3650 quam
884 3571 1001 3634 eadem
1017 3570 1190 3650 quantitas
1207 3589 1293 3650 quae
1308 3570 1377 3631 lur-

288 3657 359 3714 tum
375 3652 598 3715 constitueret
618 3672 723 3732 grave
745 3653 859 3734 gravis
878 3653 1063 3735 judicanda
1086 3660 1138 3716 est
1160 3652 1264 3716 laesio
1286 3652 1376 3716 Reli-

287 3735 396 3815 gionis
412 3735 445 3796 in
462 3733 641 3814 profitente
658 3742 891 3817 paupertatem
908 3737 932 3799 ².

328 3817 424 3878 Haec
446 3816 519 3897 ipsa
542 3819 659 3897 regula
675 3819 782 3898 magis
806 3818 1009 3882 declaranda
1032 3825 1106 3896 est;
1131 3836 1276 3898 namque
1295 3817 1376 3881 furti

287 3905 340 3961 est
354 3899 496 3961 materia
511 3901 584 3961 sive
598 3899 734 3962 absolate
749 3901 821 3963 sive
837 3905 1011 3981 coaiparatc
1027 3901 1155 3982 gravis.

327 3980 403 4064 Jam
420 3999 515 4059 veru,
532 3983 693 4062 nonnulli,
707 3985 749 4046 R.
766 3985 803 4045 P.
818 3984 989 4060 Palmieri,
1004 3986 1026 4046 l.
1040 4004 1070 4046 1.
1085 4005 1118 4047 n.
1136 4007 1205 4064 123,
1220 3983 1374 4060 Genicot,

290 4061 393 4126 Theoi.
409 4082 488 4127 aior.
503 4080 541 4142 11,
557 4071 609 4144 98,
626 4066 793 4148 plerisque
810 4074 923 4128 tamen
940 4067 1218 4130 dissentientibus
1233 4067 1257 4146 ³,
1278 4072 1376 4129 autu·

286 4152 380 4209 mant
394 4145 481 4209 sumi
496 4165 596 4230 posse
611 4150 789 4212 materiam
806 4147 941 4212 absoluta
958 4169 1114 4230 gravem.

314 4391 388 4440 lcfr.
402 4392 628 4455 supplementum
639 4389 729 4449 vi1,in
747 4392 833 4439 altero
853 4396 937 4439 tomo.
948 4394 998 4429 -2'
1015 4393 1045 4441 C.
1059 4391 1093 4440 de
1104 4392 1192 4453 Lugo,
1205 4390 1232 4440 d.
1247 4399 1269 4448 3,
1282 4404 1309 4438 n.
1323 4405 1374 4446 170.

313 4462 324 4496 3
335 4459 390 4508 Cir.
405 4458 568 4518 Lehmkuhl,
581 4473 611 4518 11,
624 4467 675 4518 529.
