3138 5014
130 431 313 524 [444-445]
498 451 535 486 nu
550 451 722 488 nrnnnncrnn
737 449 890 520 rustitione
1157 427 1217 490 ⁶265

128 592 266 650 sanctae
290 585 500 649 obedientiae
525 585 731 666 praecipitur
754 590 791 645 ut
813 583 846 646 in
863 585 1055 648 calendario
1084 583 1216 646 Provin-

127 670 247 732 ciarum
261 668 371 732 Italiae
393 673 420 729 et
441 665 613 731 insularum
630 666 850 748 adjacentiam,
874 693 887 722 «
906 667 967 728 sub
984 685 1099 730 mense
1116 673 1149 728 et
1165 666 1216 728 die

128 753 170 814 ad
196 753 260 815 hoc
284 752 467 833 designatis
493 750 699 814 adnotentur
722 750 858 812 decreta
885 759 918 811 et
942 749 1215 812 Constitutiones

128 855 212 917 quae
228 841 327 897 erunt
343 835 496 915 legenda.
517 860 530 889 ›>

171 940 199 996 3.
228 919 325 1000 Ipsae
358 917 517 998 legendae
544 920 622 977 sunt
656 913 936 988 Constitutiones,
966 914 1029 976 nisi
1057 912 1215 976 malueris

128 1021 261 1064 sumere
277 999 496 1082 Compendiam
517 995 763 1078 Apostolicorum
780 996 1041 1064 Constantianam
1056 1002 1084 1057 et
1104 996 1216 1058 Decre-

128 1091 229 1146 toram
252 1084 261 1111 ¹
285 1083 372 1164 quod
404 1088 444 1146 26
476 1101 555 1162 aug.
582 1086 660 1144 1826
683 1088 734 1142 est
767 1101 786 1142 a
815 1081 850 1146 S.
879 1080 1006 1161 Congr.
1039 1079 1216 1160 Regularis

129 1166 323 1248 disciplinae
339 1164 574 1246 approbatum.
783 1183 786 1190 ·

168 1272 199 1330 4.
231 1247 393 1332 Quamvis
422 1246 574 1328 graviter
604 1250 765 1326 urgeatur
795 1245 968 1327 obligati0,
1000 1244 1070 1308 tolli
1102 1249 1215 1308 tamen

128 1339 239 1412 potest
251 1333 410 1395 diuturna
423 1329 676 1398 consuetudine,
695 1330 893 1410 praesertim
910 1349 986 1391 cum
1002 1327 1101 1391 hodie
1117 1330 1216 1408 plura

128 1415 195 1477 sint
212 1434 353 1495 quorum
366 1413 475 1476 minus
492 1432 576 1495 opus
594 1418 646 1474 est
662 1412 796 1492 exigere
812 1411 1098 1475 observationem.
1114 1413 1216 1473 Prae·

129 1502 234 1574 terea,
261 1497 334 1560 sine
360 1496 532 1578 dispendio
563 1493 740 1576 religiosae
770 1494 975 1579 disciplinae,
1009 1495 1216 1556 recentiores

131 1578 419 1658 Congregationes
449 1579 514 1640 hoc
544 1579 701 1640 levantur
731 1597 860 1655 onere;
891 1578 1028 1659 jamque
1059 1577 1216 1644 novimus

130 1661 289 1723 Ordinem
308 1661 441 1742 proprie
461 1661 561 1722 talem
578 1660 634 1740 qui
651 1680 691 1722 ex
709 1659 1014 1722 Constitutionibus
1032 1679 1099 1722 non
1124 1667 1217 1722 tene·

130 1750 186 1804 tur
201 1743 244 1804 ad
260 1743 401 1822 legenda
417 1743 484 1804 alia
505 1743 643 1804 decreta
667 1748 801 1824 praeter
818 1743 990 1805 decretum
1008 1743 1047 1804 de
1065 1743 1216 1805 testimo-

79 1881 82 1887 .
130 1824 273 1888 nialibus
296 1825 428 1902 litteris,
453 1825 483 1887 ai
510 1830 598 1906 1848.
616 1824 744 1886 Verum
770 1826 882 1888 animo
908 1826 1038 1888 recolas
1063 1825 1217 1908 subjecta

128 1927 231 1969 verae
249 1907 501 1970 consuetudinis
517 1926 583 1969 non
597 1927 671 1969 esse
687 1907 819 1988 singula
834 1909 1040 1971 monasteria
1058 1907 1120 1969 nisi
1137 1927 1216 1968 con-

130 1991 259 2052 dicione
279 2010 340 2052 sua
353 1989 527 2053 imitentur
540 1989 702 2052 Abbatias
719 2009 804 2070 quae
820 1991 871 2052 sui
884 1999 964 2053 sunt
976 1991 1074 2072 juris.
1090 1991 1214 2073 Quare,

130 2080 167 2134 ut
183 2072 332 2154 plerique
356 2071 498 2135 Ordines
522 2079 601 2133 sunt
624 2073 723 2134 hodie
739 2072 926 2150 constituti,
944 2092 1044 2154 saepe
1061 2092 1128 2134 non
1152 2071 1216 2135 erit

130 2155 336 2218 attendenda
353 2153 415 2216 nisi
428 2154 635 2217 consuetudo
648 2156 835 2217 communis
847 2155 989 2237 alicujus
1003 2154 1215 2219 Provinciae.

171 2258 201 2318 5.
226 2238 354 2301 Contra
370 2237 568 2321 Superiores
591 2237 691 2318 hujus
706 2237 858 2299 lectionis
874 2236 1063 2300 incuriosos
1079 2237 1216 2299 decreta

129 2321 194 2383 ista
207 2321 219 2349 ²
232 2321 366 2383 edicunt
380 2339 505 2402 poenas
518 2339 603 2400 quae
616 2319 768 2382 recidunt
783 2319 852 2382 fere
866 2319 898 2382 in
909 2320 1114 2401 privationes
1122 2320 1216 2382 vocis

130 2403 263 2466 activae
290 2408 323 2464 et
353 2401 520 2487 passivae,
555 2402 609 2465 vel
632 2402 817 2465 officiorum
851 2408 884 2465 et
910 2401 1108 2484 dignitatum
1139 2423 1215 2466 cum

129 2485 342 2549 inhabilitate
369 2488 410 2549 ad
438 2506 477 2547 ea
504 2485 687 2548 obtinenda
714 2485 746 2548 in
773 2485 947 2549 futurum:
972 2505 1057 2567 quae
1087 2505 1216 2569 poenae

129 2569 387 2633 committuntur
402 2569 475 2652 ipso
488 2569 578 2631 facto
591 2570 645 2630 vel
657 2569 740 2631 adeo
754 2568 880 2650 absque
893 2571 961 2632 ulla
974 2570 1212 2633 declaratione.
1227 2621 1229 2626 .

128 2653 200 2715 Has
227 2660 339 2715 tamen
369 2671 437 2714 non
467 2651 698 2734 persequimur
729 2651 935 2733 singillatim,
958 2652 1035 2734 quia
1051 2653 1215 2736 probabili

128 2735 350 2817 astipulamur
363 2737 550 2798 sententiae
563 2753 679 2797 eorum
695 2734 750 2816 qui
763 2735 975 2799 arbitrantur
990 2755 1115 2818 poenas
1132 2737 1214 2798 istas

128 2837 195 2879 non
222 2838 295 2880 esse
321 2819 529 2880 exsecutioni
551 2817 759 2880 mandandas
787 2824 864 2882 ante
887 2817 1089 2882 sententiam
1106 2819 1214 2882 decla-

129 2900 294 2961 ratoriam
311 2902 429 2961 saltem
446 2900 605 2962 criminis.
624 2900 694 2964 Cir.
712 2922 745 2963 n.
762 2903 839 2981 426,
857 2908 940 2964 nota
955 2925 985 2965 2.

170 2980 259 3043 445.
280 2983 495 3042 ·Faciendae
534 2986 831 3045 commonitiones
859 2995 895 3045 et
925 2985 1212 3047 testificationes

132 3081 159 3122 1.
177 3060 276 3122 Feria
287 3077 323 3120 vr
336 3067 411 3142 post
423 3070 580 3124 octavam
593 3064 853 3145 AssumptioniS,
867 3065 989 3128 debent
1001 3067 1212 3148 Superiores,

129 3143 200 3205 sive
216 3141 248 3204 in
265 3161 381 3203 mensa
393 3143 463 3204 sive
486 3144 519 3204 in
543 3146 809 3224 congregatione
820 3167 879 3209 seu
893 3149 1049 3230 capitulo,
1068 3168 1213 3211 commo·

128 3246 209 3288 nere
235 3223 386 3287 subditos
403 3224 439 3285 de
454 3224 647 3288 observandis
659 3226 784 3289 decretis
798 3250 875 3310 qaae
889 3234 1021 3310 spectant
1034 3230 1075 3291 ari
1088 3231 1123 3292 S.
1137 3229 1213 3309 Offi-

129 3308 219 3372 cirum.
251 3308 338 3372 Sunt
367 3313 480 3370 tamen
510 3309 566 3388 qui
596 3309 706 3390 potius
739 3310 818 3390 ipsis
853 3313 1026 3394 imponant
1056 3313 1214 3376 iteratam

127 3392 270 3455 istorum
295 3390 507 3453 decretorum
532 3393 722 3457 lectionem.
743 3394 812 3458 Clr.
830 3395 916 3472 Piat,
940 3393 1105 3474 Proerna,
1132 3402 1210 3474 eto,

127 3481 290 3557 1‚p·598·
367 3557 371 3568 ,
596 3557 602 3568 ‚
784 3559 891 3570 ,,,
993 3561 998 3571 ,

169 3581 200 3622 2.
228 3560 265 3620 In
283 3557 432 3638 quolibet
455 3557 604 3638 generali
619 3559 673 3620 vel
696 3561 893 3640 provinciali
928 3561 1074 3641 capitulo
1091 3559 1213 3623 debent

116 3660 341 3720 ,commonere
369 3641 545 3722 religiosos
569 3642 608 3704 de
635 3641 796 3721 hisquae
823 3643 1039 3705 continentur
1076 3642 1213 3705 decreto

128 3731 246 3784 contra
261 3722 429 3786 sacerdotes
450 3724 492 3786 ad
514 3724 616 3806 turpia
631 3723 826 3788 sollicitantes
843 3726 896 3788 vel
912 3724 1071 3806 Sacrificio
1098 3725 1214 3788 Missae

128 3804 280 3866 abrutentes
294 3805 337 3868 ad
350 3805 521 3890 sortilegia.

168 3911 198 3968 3.
228 3890 265 3950 In
292 3891 554 3971 provincialibus
584 3891 738 3972 capitulis
779 3911 839 3953 seu
879 3890 1209 3973 congregationibus

127 3971 249 4034 debent
266 3971 465 4054 Superiores
489 3974 623 4052 locales,
648 3981 827 4055 antequam
844 3993 962 4037 vocem
980 3975 1127 4039 activam
1154 3994 1213 4038 seu

126 4131 497 4145 —-————,

157 4235 165 4268 ¹
176 4231 291 4282 Videtur
302 4237 380 4286 tertia
391 4244 468 4298 parte
478 4237 590 4289 brevius
601 4255 684 4302 qnam
695 4243 770 4302 ipsae
783 4244 1008 4295 constitutiones.

154 4307 165 4340 2
176 4303 304 4364 Excipias
312 4306 450 4358 decretum
459 4312 550 4358 Contra
558 4313 711 4360 sollicitantes
721 4319 747 4362 et
758 4315 792 4362 de
803 4316 916 4375 qualitate
931 4321 952 4364 rt
967 4318 1087 4376 requisitis
1099 4317 1211 4375 eligendo-

127 4377 187 4418 rum,
199 4368 234 4430 et,
247 4365 373 4432 quodlad
389 4367 498 4417 decreta
517 4371 630 4438 legenda
647 4371 675 4419 in
692 4372 818 4430 partibus
836 4374 918 4425 unius
937 4377 1043 4438 Italiae,
1061 4375 1166 4427 litteras
1178 4376 1210 4428 de

126 4419 235 4468 doctrina
246 4423 380 4470 rlzrrstuma
393 4430 418 4472 et
432 4425 465 4473 de
476 4426 558 4487 offieus
571 4429 797 4490 incomparabilitas.

1301 929 1419 990 Quomodo

1270 991 1373 1049 legenda.

1302 1251 1365 1312 Quid
1375 1250 1402 1296 de

1271 1309 1405 1366 benigniore

1271 1367 1415 1414 eonsuetudi-

1271 1440 1298 1473 ne
1308 1425 1320 1472 ἒ

1294 3004 1427 3052 Facr'eadae

1269 3066 1401 3112 commotio-

1269 3139 1318 3172 nes.

1284 3235 1321 3280 Dr
1334 3233 1429 3280 recreas

1268 3293 1296 3338 S.
1311 3291 1398 3351 Officii.

1293 3567 1329 3612 De
1338 3567 1427 3613 decreto

1268 3630 1350 3671 rorrtra
1360 3625 1427 3671 solli-

1269 3685 1375 3740 citantes,
1384 3688 1425 3730 etc.

1305 3890 1372 3936 Tesli
1389 3904 1427 3937 ra-

1269 3949 1341 3994 tiones
1377 3963 1387 3992 e

1268 4007 1376 4052 oneribus

1268 4065 1411 4112 Missurum.
