3142 5004
162 961 294 1020 ingressus.

351 458 410 523 180
639 479 705 516 rans
720 479 840 528 punnrn.
857 478 952 516 suerro
968 479 1007 532 ιιι.
1026 477 1115 514 carun
1131 480 1150 514 n

351 614 387 678 S.
403 613 483 677 Pius
499 630 520 678 v
536 613 601 677 tria
624 619 756 681 tantum
771 614 910 695 agnovit
926 615 1098 696 exempla:
1117 613 1303 692 incendium,
1323 611 1440 694 iepram

351 707 385 760 et
412 696 603 780 allidendum,
635 703 748 778 atque,
779 717 820 760 ex
848 703 1026 779 praesente
1053 695 1239 778 disciplina,
1269 716 1353 779 opus
1381 705 1440 759 est

351 780 470 843 saltem
493 780 695 844 necessitate
717 799 803 861 quae
828 779 965 842 omnino
991 779 1214 860 postulaverit
1243 799 1436 860 egressum.

351 862 422 926 cn.
436 884 514 928 mox
532 870 754 926 memoratum
770 864 943 926 decretum
956 883 973 944 7
987 863 1052 926 feb.
1073 869 1163 943 1899.

393 950 423 1025 c)
449 947 528 1010 Sine
550 948 663 1009 debita
679 945 814 1008 licentia
827 945 861 1008 in
875 945 996 1027 scriptis
1015 946 1123 1009 danda
1140 947 1182 1008 ab
1199 946 1367 1028 Episcopo
1383 946 1438 1009 vel

352 1027 533 1112 Superiore
546 1029 705 1111 regulari,
716 1049 812 1105 inemo,
827 1029 976 1111 exceptis
989 1029 1189 1109 quibusdam
1204 1029 1436 1110 privilegiatiS,

351 1112 413 1175 siue
425 1111 474 1174 uir
487 1111 674 1194 siuefemina
691 1120 787 1194 septa
798 1111 927 1192 ingredi
940 1113 1043 1175 valet.
1058 1111 1232 1194 Quaedam
1248 1113 1437 1193 peculiares

352 1195 562 1280 provisiones
579 1203 700 1276 regunt
722 1195 912 1276 ingressum
927 1195 1098 1277 Episcopi,
1124 1195 1315 1276 Superioris
1339 1213 1437 1275 regu-

295 1319 298 1328 ·
352 1278 444 1356 laris,
482 1277 690 1356 confessarii,
729 1278 860 1357 medici,
894 1296 1128 1360 operariorum
1167 1297 1221 1358 qur
1255 1298 1296 1341 ex
1335 1298 1439 1341 causa

139 1449 288 1496 Suriciiones.

352 1362 545 1424 necessaria
562 1361 690 1424 intrare
703 1360 838 1423 debent.
891 1435 896 1444 ρ
959 1430 965 1438 ,

394 1445 426 1523 d)
440 1444 478 1506 C.
493 1442 685 1526 Apostolicnc
698 1443 815 1526 Sedis§
832 1465 861 1521 2,
876 1464 909 1506 n.
924 1449 954 1522 6,
969 1441 1316 1506 excommunicatione
1339 1445 1380 1506 R.
1397 1445 1437 1508 Ρ.

353 1526 547 1610 simpliciter
566 1533 752 1604 reservata,
779 1525 992 1608 plectuntur:
1012 1527 1215 1589 «Violantes
1243 1526 1435 1589 clausuram

353 1609 560 1688 monialium,
585 1609 827 1690 cujuscumque
856 1609 988 1692 generis
1012 1615 1070 1672 aut
1094 1607 1313 1686 condicionis,
1333 1629 1434 1672 sexus

352 1694 405 1754 vel
421 1692 542 1755 aetatis
558 1691 692 1770 fuerint,
721 1691 753 1754 in
770 1711 886 1755 earum
911 1692 1116 1754 monasteria
1131 1691 1258 1772 absque
1286 1691 1435 1773 legitima

352 1774 487 1837 licentia
516 1774 757 1856 ingrediend03
789 1775 983 1858 pariterque
1008 1794 1066 1838 eos
1096 1774 1352 1837 introducentes
1384 1777 1436 1838 vel

298 1880 301 1886 ¹
352 1857 578 1936 admittentes,
589 1857 735 1937 itemque
751 1858 913 1920 moniales
925 1859 967 1919 ab
980 1857 1036 1920 illa
1052 1864 1213 1920 exeuntes
1226 1865 1324 1920 extra
1338 1877 1435 1920 casus

159 2747 196 2793 De
206 2746 294 2792 (letinc-

136 2807 296 2872 synispunen-

138 2861 228 2910 randis.
260 2911 262 2913 .

140 3589 144 3597 ι
163 3531 261 3597 Suetrina

135 3603 231 3639 inritum.

351 1960 391 2002 ac
408 1939 549 2003 formam
565 1961 585 2002 a
598 1940 633 2003 S.
647 1941 741 2003 Piov
757 1941 789 2002 in
807 1939 924 2004 Const.
938 1940 1052 2002 Decori
1068 1941 1327 2022 praescriptam.
1345 1968 1358 1997 »

394 2023 582 2086 Verisimile
599 2029 710 2085 tamen
727 2030 778 2086 est
791 2023 1173 2086 excommunicationem
1191 2042 1257 2085 non
1276 2023 1437 2086 committi

352 2106 394 2168 ab
410 2106 608 2169 admittente
624 2108 800 2188 puerulum
816 2105 991 2187 septennio
1007 2105 1181 2169 minorem.
1199 2107 1252 2168 lta·
1268 2108 1392 2187 plures.

393 2193 423 2268 e)
440 2189 485 2253 Ut
510 2189 671 2252 moniales
695 2189 859 2270 recipiant
875 2191 1003 2271 puellas
1027 2189 1233 2267 educandas,
1252 2189 1287 2252 S.
1305 2188 1431 2270 Congr.

351 2272 415 2355 Ep.
440 2279 473 2334 et
489 2273 573 2352 Reg.
590 2273 693 2352 exigit
716 2273 850 2335 veniam
867 2272 909 2334 ab
937 2271 1010 2354 ipsa
1026 2272 1325 2336 concedendam-et
1340 2271 1435 2335 varia

352 2355 682 2436 imponithervanda.

392 2452 443 2512 De
459 2451 523 2512 hac
537 2451 694 2513 clausura
708 2453 804 2532 plura
817 2452 879 2516 cfr.
896 2451 981 2529 Piat,
997 2452 1019 2514 l.
1034 2470 1064 2514 c.

391 2548 435 2609 N.
454 2547 494 2608 Β.
512 2547 563 2607 De
590 2547 776 2608 remotione
802 2549 980 2610 clausurae
1007 2547 1049 2609 ab
1073 2547 1211 2610 aedibus
1227 2545 1432 2624 Monialium,

352 2628 400 2690 cfr
430 2629 520 2691 dicta
536 2628 576 2691 de
593 2628 686 2706 viris,
704 2649 738 2691 n.
755 2647 831 2708 309·
871 2675 872 2680 η

394 2723 483 2786 311.
497 2723 547 2784 Ad
559 2721 623 2784 hoc
637 2724 850 2787 sanctionum
863 2744 982 2804 genus,
992 2726 1051 2789 scd
1064 2724 1210 2788 afficiens
1224 2723 1434 2806 potissimum

352 2804 512 2866 Instituta
540 2812 698 2867 votorum
724 2806 935 2889 simplicium,
964 2808 1176 2871 referendum
1211 2815 1261 2870 est
1295 2807 1432 2890 sapiens

351 2887 522 2948 decretum
537 2887 571 2951 S.
587 2887 625 2951 C.
639 2888 800 2970 Episc.-et
813 2892 932 2972 Regul.
948 2891 1115 2974 Siugrrlcrc
1125 2889 1259 2973 quidem,
1278 2911 1316 2972 27
1333 2898 1433 2952 mart.

354 2973 443 3048 1896,
471 2988 536 3049 quo
559 2971 678 3034 modus
700 2973 943 3054 praescribitur
966 2982 999 3036 et
1022 2975 1130 3038 forma
1154 2975 1274 3055 quibus
1301 2991 1436 3036 sorores

351 3053 527 3115 circumire
550 3055 687 3118 valeant
702 3054 744 3116 ud
760 3054 947 3138 colligendos
969 3056 1181 3136 eleemosynas.
1201 3055 1271 3123 Cfr.
1288 3056 1328 3120 A.
1346 3055 1381 3121 S.
1400 3055 1435 3120 S.

350 3141 375 3199 t.
390 3141 428 3198 28
444 3155 475 3218 p.
495 3155 566 3218 555,
583 3139 636 3200 vel
651 3137 853 3202 documenta
869 3140 1009 3202 alterius
1026 3141 1120 3204 tomi.

477 3338 671 3386 nnnnnuon.
697 3323 950 3390 veterescunt
974 3324 1108 3391 claustra
1135 3324 1306 3392 ltontaltum

391 3503 479 3567 312.
490 3504 684 3565 Prohibitio
697 3523 877 3569 accessus
888 3506 963 3569 Non
977 3504 1268 3569 indiscriminatim
1281 3503 1436 3567 omnibus

349 3583 426 3646 lieet
459 3584 551 3646 adire
580 3585 621 3646 ad
659 3586 865 3666 Monialium,
898 3607 1013 3668 presse
1036 3589 1167 3666 talium,
1200 3593 1323 3650 crates.
1364 3585 1433 3648 Cf.

350 3665 389 3729 C.
421 3666 623 3736 Grauissima
661 3667 834 3731 Benedicti
871 3687 940 3750 xrv,
979 3693 1015 3750 31
1048 3677 1116 3734 oct.
1148 3690 1243 3752 17493
1273 3676 1305 3732 et
1343 3670 1434 3732 decr.

349 3749 385 3812 S.
411 3748 448 3812 C.
477 3749 515 3811 C.
547 3751 771 3832 approbatum
794 3773 814 3814 a
841 3752 1013 3816 Clemente
1043 3771 1077 3819 rx
1104 3753 1155 3816 die
1183 3774 1199 3834 7
1223 3752 1309 3835 junii
1344 3757 1433 3832 1669,

348 3850 490 3911 quorum
503 3832 586 3894 haec
603 3841 653 3896 est
667 3854 799 3898 summa
813 3857 819 3897 :

295 3931 297 3937 ‘
392 3949 419 3988 1.
437 3926 607 3990 Accedere
623 3936 764 4022 possunt
779 3929 913 4010 quidam
931 3930 1051 4012 quibus
1068 3951 1109 3994 ex
1120 3929 1230 3994 officio
1246 3930 1278 3993 id
1295 3948 1434 3993 necesse

347 4013 420 4070 est:
439 4008 610 4090 Superior,
630 4031 682 4074 cur
707 4031 789 4075 cura
806 4024 994 4076 conventus
1010 4013 1185 4090 incumbit,
1204 4012 1433 4076 confessarius

346 4091 387 4153 ad
404 4109 524 4153 munus
541 4111 639 4156 suum
657 4093 874 4176 implendum,
891 4097 1048 4160 visitator
1064 4119 1070 4175 3
1086 4103 1296 4179 -parentes
1318 4102 1351 4158 et
1363 4095 1432 4174 filii,

346 4175 448 4236 semel
464 4175 497 4237 in
513 4173 723 4240 hebdomada
739 4183 836 4241 extra
852 4179 922 4241 dies
939 4180 1126 4255 AdventuS,
1143 4181 1433 4262 Quadragesimae

323 4348 325 4350 Ι
345 4265 378 4320 et
394 4258 648 4349 communionis,
666 4266 699 4322 et
713 4261 775 4324 nisi
790 4261 979 4346 Episcopus
995 4261 1027 4340 id
1043 4261 1268 4344 prohibuerit.

364 4385 366 4390 ·
386 4373 416 4414 2.
431 4352 536 4414 Secus
553 4354 736 4434 requiritur
743 4354 831 4435 justa
847 4377 939 4419 carisa
954 4363 987 4418 et
1003 4355 1126 4419 licentia
1139 4356 1298 4439 Episcopi
1316 4376 1429 4438 quam,

344 4440 381 4494 ut
396 4434 509 4514 plures
525 4435 654 4524 volunt,
673 4436 753 4498 darc
770 4439 884 4522 nequit
898 4439 1102 4521 regulariter,
1127 4439 1190 4502 nisi
1206 4458 1268 4521 pro
1287 4460 1436 4516 consans
