3148 5004
149 481 328 564 [155-160]
377 503 413 538 ne
427 503 556 545 Jummca
571 501 735 536 recurrere
750 501 936 537 meermanni
952 501 1104 537 numerous
1199 477 1239 540 95

147 659 248 720 quam
274 639 307 702 in
331 639 445 702 seculo
467 636 659 719 promiserit
682 638 756 722 Deo
787 657 853 700 non
881 646 933 700 est
959 637 1235 721 impedimentum

146 722 319 800 dirimens,
337 721 401 784 nisi
413 723 500 783 alter
519 738 618 782 sacro
634 721 751 783 ordine
767 729 947 801 augeatur.
1228 719 1231 726 '

181 827 228 885 De
239 828 285 884 his
298 827 349 884 clr.
365 817 672 896 Ballerini·Palmieri,
688 821 771 904 Opas
787 821 915 884 theoltr.
925 842 967 897 10,
983 845 1006 883 s.
1022 826 1049 897 8,
1062 825 1235 900 n.812·81·4.

430 975 474 1039 ΙΙ.
497 978 550 1037 De
572 975 776 1052 Obligation
800 993 842 1036 ex
866 985 952 1037 voto

178 1135 278 1198 156.
314 1131 569 1194 Consideranda
603 1131 768 1212 imprimis
806 1133 857 1193 est
897 1130 1025 1192 intentio
1066 1131 1233 1209 voventis

147 1215 187 1278 de
214 1233 280 1292 qua
310 1217 338 1278 si
370 1221 513 1288 constet,
549 1215 600 1276 vis
628 1213 700 1277 voti
737 1214 779 1275 ad
806 1214 894 1275 hanc
933 1213 1098 1276 rationem
1124 1216 1235 1278 exacti

148 1297 272 1376 ambigi
295 1299 420 1379 nequit.
437 1299 500 1360 Per
513 1319 543 1358 se
558 1303 686 1374 autem,
711 1316 771 1358 seu
793 1297 857 1358 nisi
872 1316 969 1358 secus
992 1296 1055 1358 sibi
1077 1297 1235 1364 statuerit

150 1380 206 1458 qui
229 1387 345 1441 votum
368 1380 457 1458 lecit,
482 1399 543 1463 pro
566 1380 661 1442 varia
684 1379 756 1460 ejus
779 1379 922 1448 ratione,
941 1379 1062 1450 variat,
1081 1398 1120 1440 eo
1136 1399 1236 1460 quem

149 1461 265 1523 statim
288 1463 435 1524 dicemus
459 1464 568 1539 mod0,
587 1461 658 1524 voti
680 1461 766 1524 illius
790 1461 963 1542 obligatio,
988 1462 1235 1542 Distinguenda

149 1544 236 1606 enim
267 1553 347 1607 sunt
376 1545 446 1607 voti
476 1544 634 1625 objectum,
668 1553 782 1606 utrum
812 1544 855 1605 sit
886 1545 926 1607 de
956 1564 1048 1607 mero
1079 1545 1235 1624 ingressu

151 1647 194 1689 an
211 1627 312 1688 etiam
336 1629 375 1690 de
393 1629 657 1711 perseverantia,
683 1634 716 1689 et
739 1627 897 1703 termium,
930 1635 1044 1689 utrum
1074 1627 1234 1713 respiciat

149 1711 402 1789 monasterium,
427 1731 469 1772 an
492 1712 655 1774 ordinem,
680 1731 723 1772 an
747 1709 943 1790 religionem
970 1709 1003 1771 in
1026 1710 1236 1776 universum.

193 1793 279 1858 157.
307 1814 332 1853 1.
358 1793 423 1876 Qui
447 1813 550 1864 unum
573 1793 667 1855 vovit
688 1792 871 1875 ingressum,
889 1811 956 1854 non
979 1799 1111 1855 tantum
1140 1795 1234 1857 novi-

148 1874 252 1936 tiatus
275 1875 403 1938 intrare
426 1876 524 1938 debet
547 1876 658 1952 limen,
684 1877 741 1936 sed
764 1875 890 1937 habere
907 1876 1009 1938 etiam
1025 1877 1234 1958 propositum

149 1958 238 2019 serio
269 1959 461 2039 experiendi
491 1958 597 2022 vitam
628 1957 820 2038 religiosam
856 1957 878 2020 ¹.
910 1957 962 2018 Ob
998 1959 1234 2022 rationabilem

1290 657 1395 703 gressum
1424 645 1450 692 in

1230 747 1231 750 ,
1292 703 1436 763 religionem.

1319 1127 1443 1188 Imprimis
1461 1113 1463 1120 ’

1289 1185 1413 1246 spectanda

1291 1245 1398 1294 intenlio

1317 1795 1401 1842 Votum
1412 1796 1448 1840 in·

1290 1851 1444 1912 ingrediendi.

150 2059 299 2118 causam,
319 2041 368 2103 fas
391 2042 453 2123 ipsi
475 2047 704 2124 est..repetere
719 2042 892 2116 seculum;
917 2060 990 2117 nec,
1007 2041 1035 2101 si
1060 2043 1234 2104 excusatio
1327 2081 1329 2084 -

151 2123 226 2184 dein
239 2124 427 2200 evanuerit,
448 2125 557 2186 redire
571 2124 681 2199 debet,
692 2143 767 2185 cum
780 2143 884 2184 unum
897 2130 1030 2184 tantum
1043 2124 1234 2203 promiserit

148 2204 349 2285 ingressum.
378 2207 607 2269 Rationabiles
629 2215 741 2268 autem
772 2225 894 2267 causas
924 2204 1050 2266 indicat
1080 2204 1234 2269 Sanchez

148 2287 181 2348 in
197 2287 304 2349 Decal.
321 2292 342 2350 l.
356 2312 376 2370 4
388 2309 417 2351 c.
436 2295 483 2368 16,
501 2310 599 2370 quem
614 2290 735 2371 probat
751 2288 921 2356 Palmieri‚
940 2287 1024 2368 Opus
1039 2285 1130 2350 theol.
1144 2295 1187 2351 tr.
1202 2312 1232 2369 9,

152 2389 180 2431 c.
203 2393 229 2445 1,
248 2390 279 2429 n.
298 2391 369 2433 220.

191 2452 317 2514 Votum
333 2454 411 2516 illud
429 2461 540 2516 tamen
564 2455 641 2517 huic
658 2453 839 2515 obnoxium
860 2458 912 2514 est
928 2451 1138 2516 condicioni:
1170 2453 1234 2516 nisi

150 2532 280 2596 sincere
297 2539 472 2617 postulans
485 2539 654 2618 repulsam
668 2538 814 2599 tulerim.
829 2536 1135 2618 Quaenamautem
1152 2535 1235 2599 satis

149 2617 204 2689 sit,
221 2617 282 2680 clr.
297 2619 410 2681 statim
428 2641 461 2682 n.
480 2635 553 2699 159,
571 2621 660 2700 160d,
678 2621 762 2689 1610.
1234 2623 1235 2626 ’

165 2749 168 2756 -
195 2700 281 2766 168.
309 2724 339 2765 2.
368 2701 432 2784 Qui
459 2705 554 2764 vovit
580 2723 647 2764 non
673 2710 807 2764 tantum
832 2701 1016 2782 ingressum,
1045 2701 1104 2762 sed
1131 2701 1233 2765 etiam

145 2784 413 2864 perseverantiam,
445 2793 608 2868 perpetuo
635 2805 773 2848 manere
803 2784 901 2846 debet
931 2783 1079 2865 quandiu
1110 2784 1234 2848 bonum

150 2866 212 2948 ipsi
234 2868 277 2928 sit
300 2867 463 2949 profiteri,
488 2889 548 2930 nec
573 2868 698 2930 incidat
724 2867 838 2948 aliqua
861 2886 927 2929 non
945 2866 1102 2948 praevisa
1116 2868 1233 2947 gravis

151 2949 339 3028 difficultas,
365 2950 460 3032 cujus
483 2951 676 3032 ignorantia
701 2971 840 3012 causam
867 2950 995 3011 dederit
1021 2956 1114 3012 voto.
1139 2986 1180 2995 —
1203 2953 1235 3014 ls

151 3032 265 3108 etiam,
281 3032 309 3094 si
325 3034 368 3095 ob
381 3053 517 3095 causam
530 3033 723 3114 temporalem
740 3052 896 3113 egressus
913 3031 1024 3108 fuerit,
1043 3032 1152 3110 debet,
1170 3034 1235 3096 hac

151 3115 297 3192 sublata,
321 3116 562 3178 monasterium
584 3125 750 3199 repetere.
768 3115 921 3178 Sancbez
938 3116 958 3178 l.
976 3134 1025 3191 c.;
1044 3114 1234 3195 Laymann‚

150 3198 201 3259 De
214 3201 298 3258 statu
312 3197 400 3280 relig.
417 3219 446 3260 c.
465 3205 483 3261 6
499 3219 532 3260 n.
554 3221 601 3278 13.

197 3281 284 3345 159.
297 3303 327 3360 3.
342 3281 407 3364 Qui
422 3291 503 3344 voto
519 3301 581 3343 suo
593 3287 708 3342 certum
719 3279 906 3363 respexerit
916 3278 1137 3340 maoneslem‘um
1148 3280 1236 3342 unde

152 3363 306 3424 absolute
342 3366 497 3446 repulsus
530 3365 630 3426 luerit
656 3365 710 3424 vel
737 3383 777 3424 ea
807 3367 939 3423 tantum
969 3361 1041 3438 lege
1071 3361 1236 3422 admissus

152 3455 237 3524 qua‘e
260 3465 346 3508 onus
369 3448 471 3509 addat
493 3453 629 3528 praeter
645 3447 718 3527 ejus
734 3445 970 3520 intentionem,
988 3441 1079 3503 omni
1097 3449 1182 3503 voto
1199 3445 1236 3505 lit

152 3528 318 3591 immunis.
333 3529 369 3592 Si
382 3535 493 3591 tamen
506 3536 593 3612 post,
609 3527 781 3611 Superior,
793 3533 925 3590 mutato
934 3524 1084 3596 consili0‚
1095 3525 1236 3603 paratus

151 3609 194 3672 sit
221 3630 296 3672 eum
323 3612 484 3692 recipere,
509 3618 654 3689 tenetur,
678 3617 714 3672 ut
742 3611 849 3690 magis
876 3614 927 3670 est
954 3605 1145 3684 verisimile,
1174 3627 1235 3670 suo

151 3692 358 3773 ingrediendi
383 3703 475 3772 vot0,
500 3695 562 3756 nisi
578 3694 735 3757 notabilis
751 3690 974 3754 intervenerit
997 3689 1234 3771 adjunctorum

152 3775 309 3838 variatio
327 3775 398 3840 Cir.
413 3777 603 3858 Laymann‚
619 3777 669 3838 De
681 3781 765 3838 statu
779 3775 870 3856 relig.
888 3794 918 3836 e.
933 3779 962 3850 5,
982 3792 1014 3833 n.
1031 3795 1063 3854 4.

198 3859 283 3923 160.
297 3881 327 3939 4.
343 3859 408 3942 Qui
424 3867 504 3922 voto
517 3867 653 3922 tenetur
668 3865 784 3920 certum
800 3856 930 3938 ingredi
946 3853 1126 3918 Omlmem:¹

194 3942 226 4018 a)
257 3941 374 4003 Potest
403 3943 531 4022 ingredi
557 3941 718 4004 Ordinem
745 3940 779 4001 in
808 3961 838 4002 se
868 3947 901 4001 et
926 3938 986 4000 slot
1012 3935 1234 4018 perfectiorem.

152 4022 363 4165 Perlmittitur
380 4025 467 4087 enim
484 4026 705 4087 commutatio
721 4025 832 4106 operis
848 4024 921 4086 Deo
937 4020 1093 4104 promissi
1105 4019 1137 4081 in
1151 4038 1235 4100 opus

153 4123 206 4166 me
221 4125 284 4168 ius

192 4187 355 4269 Quisnam
369 4194 483 4252 autem
498 4189 542 4250 sit
557 4189 648 4252 Ordo
665 4187 860 4272 perfectior,
878 4187 910 4250 id
924 4184 1099 4248 aestimari
1116 4183 1241 4265 poterit

152 4268 223 4330 sive
236 4290 277 4333 ex
292 4291 356 4333 usu
364 4271 522 4352 juridica,
538 4291 603 4352 quo
618 4271 813 4354 praefertur
826 4269 955 4352 Religio
969 4268 1075 4349 magis
1088 4273 1239 4340 austera,

184 4479 225 4527 ¹2.
238 4495 261 4534 2,
274 4492 300 4537 q.
316 4486 356 4536 189
367 4483 418 4527 art.
432 4497 454 4536 4,
468 4477 503 4526 ad
516 4485 537 4524 3.

1319 2727 1402 2773 Votum
1413 2727 1451 2773 in·

1288 2783 1411 2844 gredimdi
1430 2787 1450 2828 rt

1287 2841 1448 2904 permanendi.

1310 3297 1393 3343 Votum
1400 3298 1447 3342 eir-

1291 3356 1453 3412 cumscripmm

1290 3413 1442 3459 monasterio.

1320 3865 1403 3910 Votum
1413 3867 1450 3911 in·

1289 3921 1412 3980 grediendr'

1291 3984 1376 4026 crrlum
1404 3981 1450 4027 Or-

1292 4037 1379 4086 dinem.
