3148 5004
107 2005 267 2067 Quadritapas

107 2065 213 2113 consilii.

104 3473 266 3540 Consiliorum

105 3545 149 3579 atto
158 3547 253 3590 genera.

133 3892 194 3937 Sunt
215 3893 240 3936 in

106 3949 236 4004 Evangelio

101 4007 215 4054 tonsilia.

325 457 346 522 8
717 479 785 517 PARS
799 481 897 516 PRIMA.
915 481 1005 516 CAPUT
1019 481 1029 516 1

326 621 373 682 sic
396 617 586 701 praefertur
599 624 711 680 status
727 618 897 700 religionis
913 618 1023 682 officio
1047 618 1237 700 presbyteri
1253 620 1376 682 curati.
1396 647 1412 674 »

326 703 358 764 Is
373 702 461 766 enim
478 722 546 764 non
561 702 649 782 gerit
665 702 935 784 principaliorem
951 720 1068 765 curam
1085 703 1276 764 animarum
1292 721 1353 763 nec
1366 704 1410 764 ad

325 806 399 848 earn
422 787 549 863 obligat
574 804 707 848 omnem
734 786 839 847 vitam
864 805 971 846 suam.
989 786 1042 846 Ita
1068 784 1104 846 S.
1131 784 1294 862 Thomas,
1323 805 1353 847 2.
1380 808 1412 864 2,

326 888 357 948 q.
386 873 453 948 184,
472 881 537 929 art.
555 873 585 943 8,
611 887 641 930 c.
668 874 703 929 et
725 869 947 930 confirmatur
972 888 1012 928 eo
1037 867 1125 946 quod
1149 868 1304 930 Ecclesia
1331 867 1410 950 ipsis

325 952 467 1032 positive
482 951 655 1031 permittat
670 949 799 1012 aditum
814 950 856 1010 ad
873 949 1079 1028 religionem,
1098 969 1127 1012 c.
1142 972 1172 1026 2,
1188 950 1226 1012 C.
1241 967 1309 1024 xtx,
1328 970 1360 1031 q.
1378 973 1408 1014 z.

365 1032 515 1095 Sacerdos
541 1033 682 1113 denique
706 1031 853 1094 seontaris
867 1030 1011 1113 religioso
1026 1031 1108 1092 laico
1131 1035 1242 1114 potior
1257 1038 1309 1094 est
1332 1037 1409 1095 cum

324 1114 487 1196 dignitate,
502 1117 623 1195 quand
638 1115 795 1177 sublimia
812 1114 994 1195 deputatur
1006 1113 1285 1193 ministeria‚tum
1299 1117 1410 1196 requi·

324 1198 389 1260 sita
403 1198 575 1260 sanctitate.
593 1198 629 1260 S.
646 1197 712 1259 Th.
728 1197 862 1258 ibidem.

341 1385 356 1473 ξ
382 1401 420 1478 3.
448 1374 569 1478 Qaa'd
590 1371 816 1479 disciplina
842 1398 918 1451 sea
944 1371 1091 1452 schola
1109 1370 1390 1479 perfectionis

365 1569 407 1630 N.
423 1567 465 1628 Β.
482 1566 569 1648 Quia
585 1564 730 1626 consiliis
747 1563 940 1627 continetur
956 1563 1160 1643 evangelicis
1178 1562 1271 1645 prius
1287 1581 1405 1624 eorum

322 1649 457 1710 videtur
468 1648 686 1730 proponenda
701 1647 804 1711 ratio.

600 1816 626 1880 Ι.
651 1787 703 1879 De
725 1818 888 1878 Consiliis
910 1817 1129 1895 evangelicis

367 1991 427 2053 11.
444 1992 544 2067 Opus
560 1989 697 2050 consilii
714 1987 873 2050 delinitur
887 1992 960 2068 opus
975 1987 1096 2055 bonurn,
1123 2009 1182 2050 non
1199 1991 1407 2070 praeceptam,

323 2070 430 2134 melius
444 2092 499 2134 suo
514 2072 647 2153 opposta
658 2070 703 2132 vel
714 2071 765 2132 sni
775 2071 933 2154 negatione
949 2090 1007 2132 non
1024 2071 1108 2132 tnala
1125 2071 1148 2134 Ι.

357 2174 481 2235 Bonam
500 2179 628 2234 dicimus
648 2194 732 2248 opus,
756 2176 835 2249 quod
850 2194 945 2249 genus
957 2194 1120 2232 commune
1143 2187 1188 2233 est
1210 2176 1357 2250 praecepti
1378 2184 1409 2232 et

321 2263 447 2320 consilii.
475 2259 618 2334 Imperari
637 2261 748 2316 etenim
772 2271 824 2315 aut
845 2261 961 2316 suaderi
984 2277 1020 2316 ea
1041 2270 1158 2316 tantum
1184 2273 1308 2332 possunt
1330 2276 1410 2332 quae

321 2362 382 2403 non
396 2347 454 2401 sint
467 2345 676 2416 undecumque
689 2344 860 2415 adiaphora,
872 2344 933 2412 sed,
945 2344 1050 2400 saltem
1061 2361 1096 2400 ex
1107 2345 1207 2415 aliqua
1220 2343 1409 2408 condicione,

321 2429 449 2483 evadant
463 2428 588 2482 honesta
601 2428 734 2499 positive,
757 2439 846 2499 atque
860 2428 900 2481 ita
913 2428 1082 2482 conducant
1094 2428 1131 2482 ad
1145 2425 1237 2482 finem
1254 2427 1409 2482 ultimum.

356 2507 429 2567 Non
448 2511 644 2587 praeceptura.
670 2509 736 2564 Hac
759 2511 897 2581 negativa
919 2511 1033 2565 ratione
1056 2510 1230 2582 perspicitur
1248 2511 1406 2569 consilium

321 2594 422 2651 minus
441 2592 499 2647 late
522 2604 620 2664 patere
644 2610 735 2665 quam
759 2609 873 2650 votum.
891 2594 950 2650 Res
970 2595 1051 2650 enim
1075 2608 1232 2667 praecepta
1251 2605 1319 2667 apte
1339 2593 1409 2650 Deo

321 2677 451 2750 promitti
465 2677 553 2734 valet.

356 2758 466 2819 Melias
486 2778 539 2818 sno
560 2758 700 2840 opposite,
724 2761 743 2816 i.
766 2779 793 2818 e.
812 2762 937 2833 positivo
955 2771 1022 2818 actu
1045 2761 1091 2818 vel
1111 2771 1188 2818 statu
1202 2762 1303 2835 aliquo
1315 2761 1408 2818 modo
1434 2775 1437 2780 ·

320 2852 476 2907 contrarie.
492 2851 569 2907 Puta
584 2849 988 2926 matrimoniumcomparari
1002 2868 1071 2907 cum
1088 2852 1267 2924 virginitate.

359 2930 411 2992 Vel
429 2931 479 2991 sni
499 2931 664 3010 negatione,
689 2933 709 2989 i.
732 2950 758 2988 e.
783 2951 865 2988 mera
885 2933 1048 2990 omissione
1069 2935 1307 2992 contradictoria.
1329 2933 1407 2990 Puta

320 3018 493 3090 quempiam
519 3034 583 3072 esse
605 3016 748 3072 caelibem
771 3017 835 3072 sine
852 3015 974 3073 delinito
994 3027 1063 3074 voto
1083 3019 1129 3074 vel
1150 3020 1299 3093 proposito
1318 3019 1406 3092 virgi·

320 3100 431 3156 nitatis.
704 3148 705 3152 ,

355 3180 429 3242 Non
442 3179 534 3242 mala.
550 3183 634 3259 Quae
648 3183 737 3240 verba
749 3182 882 3242 afficiunt
895 3186 985 3242 etiarn
1000 3187 1127 3259 priorem
1144 3206 1247 3245 vocem
1262 3185 1407 3265 opposito.

320 3267 397 3326 Illud
420 3270 500 3326 enim
514 3269 593 3342 quod
606 3269 703 3326 omitti
718 3271 820 3342 nequit
834 3271 898 3327 sine
920 3283 1040 3344 peccato
1056 3286 1247 3347 praeceptum
1267 3286 1320 3340 est,
1343 3289 1405 3328 non

320 3354 489 3410 consilium.

365 3454 425 3516 12.
454 3450 600 3514 Consilia
625 3459 737 3517 autem
768 3454 833 3516 alia
863 3461 943 3517 sunt
973 3452 1172 3520 atirinersalt'a,
1195 3447 1407 3532 parn'eutarta

320 3536 387 3597 alia
410 3535 434 3596 ².
459 3535 578 3597 Priora
605 3537 789 3617 respiciunt
810 3545 908 3598 actus
935 3539 1003 3618 qui,
1028 3544 1163 3617 praeter
1190 3551 1405 3595 communem

320 3617 499 3680 utilitatem
523 3618 659 3700 majoris
685 3621 806 3699 meriti,
834 3640 893 3701 per
916 3640 951 3680 se
967 3621 1158 3699 generalem
1181 3617 1309 3678 habent
1335 3616 1406 3677 vim

320 3719 387 3780 qua
403 3700 580 3763 conferunt
603 3702 635 3763 in
658 3703 897 3783 perlectionem
921 3703 1085 3763 virtutum
1102 3701 1134 3760 in
1150 3699 1345 3761 universum
1362 3717 1405 3760 ae

321 3782 531 3864 potissimum
548 3786 712 3849 caritatis.

360 3891 418 3946 13.
443 3904 467 3944 1.
483 3888 556 3945 Esse
568 3890 692 3944 consilia
705 3891 735 3946 in
751 3889 926 3960 Evangelio,
944 3889 972 3945 id
986 3906 1004 3945 a
1017 3888 1150 3962 pluribus
1164 3888 1285 3962 quidem
1309 3906 1396 3962 nega·

319 3981 384 4028 tum
397 3985 442 4029 est
455 3973 619 4030 haereticis,

349 4197 357 4232 ¹
373 4197 415 4243 lta
426 4196 481 4245 iere
493 4194 631 4250 Palmieri,
646 4195 663 4242 l.
676 4208 700 4247 c,
712 4209 739 4241 n.
753 4199 765 4241 5
772 4207 778 4250 ;
791 4199 817 4241 et
825 4193 1028 4252 jameleganter
1040 4195 1066 4243 S.
1080 4193 1256 4254 Augustinus,
1269 4193 1407 4242 disserens

318 4255 357 4302 De
365 4262 449 4302 sancta
459 4257 605 4312 virginitate.
620 4260 655 4308 15,
675 4251 801 4301 dicebat:
823 4271 832 4297 ι
848 4253 1029 4318 Praeceptum
1044 4260 1085 4300 est
1097 4253 1148 4300 hoc
1159 4253 1203 4299 cni
1215 4266 1271 4299 non
1288 4250 1401 4316 obedire

320 4322 462 4371 peccatum
473 4319 513 4360 est
524 4325 530 4368 ;
543 4325 598 4359 non
608 4311 762 4367 consilium,
775 4325 839 4372 qu0,
852 4324 874 4358 st
886 4309 926 4358 uti
937 4310 1067 4367 nolueris,
1080 4309 1170 4358 minus
1184 4309 1287 4357 bonum
1298 4309 1403 4369 adtpis

319 4370 398 4425 ceris.
410 4384 465 4418 non
477 4369 540 4417 mali
552 4367 657 4429 aliquid
673 4367 853 4429 perpetrabis.
868 4369 939 4428 »(M.
953 4369 985 4418 P.
998 4370 1031 4418 L.
1045 4374 1063 4418 t.
1076 4376 1099 4425 6,
1112 4381 1136 4416 c.
1149 4372 1211 4428 403).

348 4430 481 4485 2Suarez,
493 4429 530 4475 De
539 4428 615 4486 Reltg.
629 4433 663 4476 tr.
675 4444 696 4486 7,
710 4429 727 4477 l.
740 4445 760 4486 1,
773 4442 797 4476 c.
810 4436 832 4485 8,
843 4441 869 4476 n.
883 4445 905 4477 a.
