3148 5004
150 461 325 544 [let-144]
371 481 408 518 us
422 477 552 524 summer
568 481 732 518 nncuurnru
747 481 934 520 insessurum
951 480 1126 516 nuurorouurr
1198 459 1238 522 89

143 617 220 693 aptis
230 614 337 675 mediis
345 629 377 672 se
388 611 512 687 dirigere
521 614 558 671 ad
569 611 661 671 finem
674 614 827 672 ultimum.
835 612 946 671 Nonne
957 613 1047 671 simili
1058 623 1236 688 argumento

141 701 307 760 ostenditur
318 715 413 774 genus
424 698 545 773 aliquod
566 697 717 756 servitutis
729 699 829 756 stricte
842 699 899 771 legi
913 709 1037 756 naturae
1053 716 1115 756 non
1128 699 1231 758 adver·

141 784 216 844 sari?
226 785 273 842 Ab
286 781 371 841 omni
380 793 482 840 autem
496 783 621 839 crimine
645 781 791 839 immunis
805 793 850 839 est
863 781 1008 852 Ecclesia,
1023 797 1100 856 quae
1119 791 1235 840 tantam

144 881 302 944 parentum
323 876 500 942 potestatem
523 883 585 923 non
611 866 729 924 induxit
751 875 780 923 et
801 883 883 924 mere
895 865 966 923 sivit
988 865 1053 943 ejus
1068 864 1132 924 fieri
1146 883 1235 926 usum

144 954 175 1012 in
188 954 334 1011 honorem
349 949 417 1008 Dei.

148 1107 163 1196 t
186 1123 225 1202 3.
251 1097 321 1176 De
343 1078 663 1202 Impedirnenlis
682 1092 907 1204 ingressus
927 1094 971 1175 in
990 1066 1246 1200 religionem

194 1275 553 1358 141.1mpodtmenta:.
570 1291 595 1337 r.
609 1275 674 1338 Pro
686 1274 718 1336 oi
730 1295 799 1351 sua,
815 1281 894 1338 sunt
905 1274 1134 1342 substantialia,
1150 1297 1237 1358 quae
1316 1279 1449 1348 Variatu-

143 1359 326 1442 juridicum
353 1360 475 1421 tollunt
501 1359 652 1420 valorem
678 1358 851 1438 ingressus
877 1367 911 1421 et
937 1358 1155 1440 professionis
1182 1361 1235 1424 cui
1288 1335 1448 1454 {mm

146 1442 294 1520 obstant,
326 1443 379 1503 vel
414 1459 495 1504 urere
524 1439 732 1526 prohibentia,
771 1461 857 1522 quae
891 1441 1018 1505 licitum
1052 1440 1237 1526 impediunt

144 1525 358 1607 ingressum3
1117 1539 1119 1544 ·

185 1631 213 1672 2.
232 1609 299 1670 Pro
314 1605 434 1698 origine
448 1626 515 1674 sna,
535 1611 615 1668 sunt
634 1605 721 1688 juris
738 1605 840 1669 divini
854 1609 908 1670 vel
912 1606 999 1689 juris
1014 1606 1233 1678 ecclesiastici:

185 1710 214 1769 3.
232 1691 298 1752 Pro
323 1687 555 1752 universalitate
580 1708 649 1766 sna,
675 1696 755 1750 sunt
779 1691 955 1753 communia
976 1689 1127 1754 omnium
1144 1691 1233 1754 Reli·

141 1771 291 1854 gionum,
317 1773 372 1834 vel
397 1771 539 1853 alicujus
560 1769 701 1852 propria.
729 1771 795 1836 Hic
824 1774 1077 1836 consideramus
1101 1780 1234 1839 tantum

142 1853 337 1919 communia
352 1853 603 1936 impedimenta.

183 1959 215 2016 4.
241 1940 308 2001 Pro
318 1935 465 2018 proxima
488 1938 574 1999 unde
596 1935 754 2000 oriuntur
769 1936 873 2017 stirpe,
895 1943 993 2001 suntr
1011 1941 1045 2015 a)
1061 1939 1232 2002 Naturalis

143 2021 348 2098 inhabilitas‚
363 2020 397 2096 b)
412 2019 573 2082 Deiectus
591 2019 769 2098 libertatis,
788 2023 818 2098 c)
836 2019 1038 2084 Contrarias
1054 2020 1233 2108 obligatio·

144 2123 215 2182 nes,
230 2103 263 2185 d)
276 2103 447 2166 Honestas
463 2109 496 2164 et
508 2103 610 2164 decor
623 2102 828 2183 Religionis.'

318 2263 345 2325 1.
368 2265 421 2323 De
443 2261 488 2324 iis
510 2279 599 2341 quos
622 2270 754 2323 natura
775 2263 859 2323 fecit
881 2262 1058 2324 inhabiles

191 2418 277 2482 142.
301 2418 473 2496 Infantes,
492 2424 604 2498 atque,
623 2424 720 2479 extra
735 2416 846 2479 lucida
861 2417 1051 2491 intervalla,
1069 2427 1231 2482 amentes
1319 2418 1451 2501 Putean-

142 2505 315 2579 nequeunt
327 2518 388 2562 sua
404 2500 705 2563 voluntaevalide
716 2499 845 2581 ingredi
858 2500 1066 2582 religionem.
1081 2500 1120 2565 C.
1135 2501 1231 2564 Sicut
1291 2480 1346 2526 ω·

139 2589 249 2660 tenor,
267 2601 313 2663 15,
327 2583 377 2646 De
391 2580 600 2665 Regularibns
617 2585 681 2660 (111.
702 2586 767 2662 31).
797 2582 920 2664 Liquet
935 2601 1003 2646 non
1019 2585 1175 2666 expedire
1192 2592 1230 2647 ut
1319 2587 1433 2645 latentes.

137 2667 238 2730 etiam
255 2667 310 2746 qui
324 2664 611 2728 intermissionem
628 2666 756 2728 habent
770 2675 922 2730 amentes
935 2672 1015 2730 tunc
1029 2673 1231 2749 cooptentur
1290 2652 1405 2700 amenus,-

135 2748 168 2812 in
188 2749 413 2830 Religionem.
813 2771 815 2778 ,

355 2905 398 2968 II.
424 2907 476 2966 De
498 2907 543 2968 iis
565 2908 624 2985 qui
650 2907 706 2968 sui
730 2908 822 2985 juris
844 2925 914 2970 non
937 2917 1020 2970 sunt

189 3050 275 3115 143.
293 3069 322 3112 1.
345 3052 554 3129 Impuberes
571 3050 795 3132 prohibentur
810 3052 965 3133 ingressu
982 3053 1095 3117 invitis
1112 3074 1233 3136 paren·
1289 3059 1431 3119 Impurum

144 3130 234 3193 tibus
250 3151 291 3194 ex
313 3133 432 3214 quibus
448 3132 594 3215 pendent
611 3134 700 3213 quod
715 3135 757 3196 ad
773 3133 865 3196 vitae
880 3136 1060 3200 rationem.
1079 3136 1144 3218 Qui
1156 3139 1228 3201 sine

142 3220 321 3296 parentum
333 3235 474 3278 assensu
486 3215 610 3278 fuerint
625 3215 782 3295 ingressi,
796 3217 837 3278 de
851 3221 1055 3281 monasterio
1072 3219 1230 3282 devocari

139 3303 284 3377 possunt
294 3296 380 3360 intra
390 3317 518 3376 anunm,
530 3316 596 3379 quo
608 3300 723 3379 elapso
737 3307 919 3364 censentur
932 3309 1089 3381 parentes
1101 3301 1230 3382 ingres·

141 3397 214 3442 sum
230 3381 333 3541 tapite
359 3381 517 3443 habuisse
545 3390 671 3444 ratum.
690 3380 729 3444 C.
747 3380 783 3444 Si
798 3381 884 3461 quis,
899 3405 930 3445 2.
947 3383 996 3444 De
1023 3382 1231 3466 Regularebns

140 3467 205 3540 (111.
223 3484 288 3541 31.
852 3535 856 3542 ,

139 3625 145 3636 ι
179 3567 210 3607 2.
229 3545 331 3607 Servi
349 3545 482 3628 proprie
506 3547 590 3608 tales
619 3545 769 3628 indigent
786 3565 928 3610 assensu
948 3547 1033 3626 heri,
1060 3548 1102 3611 ob
1126 3548 1226 3630 hujus
1286 3553 1372 3606 Servi:

132 3644 190 3707 Jus
208 3626 425 3708 acquisitum.

178 3772 237 3836 ΙΙΙ.
254 3776 309 3834 De
324 3774 368 3837 iis
388 3775 450 3854 qui
471 3775 662 3837 contrariis
683 3775 889 3838 detinentur
906 3777 1185 3856 obligationibus

182 3929 268 4020 144.
308 3952 336 3994 1.
366 3931 546 4014 Episcopus,
586 3930 641 4013 qui
677 3928 814 3996 vinculo
848 3933 1032 4016 spiritualis
1066 3934 1224 3998 connubii
1283 3940 1429 4002 Episcopus:

136 4011 337 4092 astringitur
358 4013 530 4076 Ecclesiae
553 4034 646 4091 suae,
672 4035 733 4078 nec
757 4014 851 4093 licite,
876 4018 965 4097 quod
988 4023 1134 4093 constat,
1159 4036 1221 4081 nec

137 4090 251 4171 aalide,
268 4105 306 4156 ut
322 4113 399 4158 cum
414 4096 580 4177 plerisque
595 4097 784 4178 opinamur,
808 4099 937 4180 ingredi
952 4107 1064 4182 potest
1080 4101 1225 4181 Religio·

138 4175 317 4268 nem‚·nisi
343 4197 385 4240 ex
405 4182 608 4242 auctoritate
632 4179 668 4243 S.
685 4181 870 4260 Pontificis,
888 4202 908 4245 a
925 4200 991 4262 quo
1013 4182 1098 4244 solvi
1114 4188 1226 4264 potest

139 4276 305 4339 promissa
320 4279 414 4322 cura.

181 4340 289 4403 Porro
304 4341 392 4404 ratio
407 4341 487 4405 data
502 4343 624 4425 probat
641 4364 648 4405 ε

179 4420 303 4486 Teneri
324 4423 560 4506 impedimento
581 4425 788 4509 Episcopum
814 4425 1029 4508 confirmatum
1052 4426 1115 4489 etsi
1142 4447 1226 4491 non-
