3134 5016
124 473 181 553 [55
186 471 268 556 4-55
273 471 307 551 8]
529 491 566 525 nie
581 488 896 525 consuerunuiriirisus
1153 461 1212 526 349

124 615 176 691 est
192 627 285 691 libris
301 646 361 690 seu
378 625 603 702 tractatibus,
628 623 686 686 sed
703 625 857 685 volumus
879 628 1011 686 tantum
1026 621 1212 705 peculiares

125 713 285 793 quasdam
313 710 572 772 tradere'notas
590 728 671 789 quas
690 708 825 768 novisse
837 707 936 788 juvat
952 713 986 768 et
1000 714 1097 787 aptas
1121 705 1212 768 duci-

123 814 198 858 mus
214 794 257 936 aid
274 794 433 874 generale
449 791 574 874 prioris
595 790 729 853 articuli
751 797 989 869 argumentum
1005 788 1112 869 magis
1128 788 1212 852 inlu·

125 885 220 939 stran
246 897 314 938 um.
966 899 968 902 ·

166 960 253 1025 557.
285 959 336 1020 De
360 955 705 1019 Confrateriiitatibus
731 957 792 1017 SS.
823 955 950 1053 cordis
977 956 1128 1056 Jesuet
1158 953 1213 1036 pia
1261 985 1265 990 ·

123 1030 328 1104 federatione
345 1043 581 1118 Apostolatus
594 1040 784 1100 Orationis.

122 1131 127 1140 ”
167 1146 194 1186 1.
209 1123 364 1205 Quinque
376 1118 1028 1201 suntArchiconsraternitatesSS.Cordis
1039 1140 1045 1180 ε
1055 1118 1210 1196 Romana,

125 1205 222 1287 cujus
238 1205 334 1266 sedes
350 1210 401 1266 est
418 1206 450 1266 in
474 1204 616 1265 ecclesia
633 1204 667 1267 S.
684 1204 811 1265 Mariae
827 1202 936 1264 dictae
951 1222 971 1261 a
987 1203 1075 1262 Pace
1090 1221 1097 1276 ;
1115 1202 1212 1266 Pare-

125 1287 225 1349 densis
239 1287 248 1314 ¹
262 1287 587 1369 (Paray-le·Monial)
602 1288 655 1349 cui
668 1284 847 1366 aggregari
859 1293 999 1365 possunt
1016 1283 1211 1346 Coiifrater·

125 1373 247 1432 nitates
278 1370 407 1432 Galliae
438 1378 471 1430 et
501 1369 631 1448 Belgii3
658 1367 851 1446 Mullicensis,
885 1387 970 1446 quae
1002 1365 1131 1428 Galliae
1161 1374 1213 1430 est

1301 1129 1390 1175 Variae

1267 1188 1315 1235 SS.
1338 1186 1424 1232 Coris

1269 1242 1423 1304 Jesuconsrci-

1273 1304 1398 1350 lernitaies.

125 1461 300 1515 reservata
315 1474 322 1529 ;
340 1460 374 1515 et
390 1453 525 1528 tandem
542 1451 628 1513 duae
644 1452 677 1513 in
694 1449 833 1513 Basilica
856 1449 974 1512 Montis
996 1449 1172 1528 Martyrum
1186 1449 1210 1526 ²,
1294 1493 1296 1500 >

124 1555 222 1614 quae,
241 1534 289 1596 uti
313 1555 466 1612 romana,
483 1533 667 1596 universali
690 1533 896 1614 aggregandi
915 1533 1075 1594 facultate
1095 1530 1212 1592 fruuii·

126 1623 193 1678 tur.
211 1616 282 1679 Cir.
300 1617 448 1698 Hilgers
463 1636 517 1697 op.
535 1616 592 1678 cit.
608 1637 640 1678 n.
654 1637 782 1696 97-ioi.

124 1740 128 1744 ·“
165 1733 196 1774 2.
221 1711 399 1773 Feles-atio
430 1711 461 1772 iii
489 1712 651 1772 honorem
679 1710 715 1774 S.
741 1709 860 1773 Cordis
885 1710 978 1792 Jesu,
1008 1709 1061 1772 cui
1090 1728 1211 1774 nomen

123 1793 321 1876 Apostolatus
333 1792 494 1869 orationis,
509 1811 575 1853 non
589 1802 640 1854 est
654 1791 923 1854 Confraternitas
935 1791 993 1852 sed
1007 1793 1097 1873 pium
1113 1811 1210 1874 opus,

124 1897 164 1940 eo
187 1876 378 1938 institutum
398 1875 548 1940 consilio.
566 1884 604 1936 ut
627 1875 739 1936 fideles
763 1876 1013 1956 conjungantur
1029 1885 1211 1956 perpetuae

125 1959 383 2042 interpellationi
399 1958 435 2024 S.
451 1957 569 2020 Cordis
584 1959 676 2040 Jesu.

125 2045 128 2068 ¹
167 2053 268 2133 Operi
295 2060 430 2131 praeest
447 2059 484 2113 ut
499 2051 644 2114 Director
664 2051 817 2135 generalis
840 2051 909 2133 ipse
926 2051 1087 2132 Superior
1103 2052 1212 2126 Gene-

127 2135 206 2198 ralis
222 2135 258 2198 S.
281 2135 326 2219 J.‚
345 2137 400 2215 qui
418 2141 530 2196 tamen
549 2155 670 2197 munus
696 2135 785 2196 istud
800 2135 898 2196 alteri
915 2154 934 2194 a
949 2143 993 2195 'se
1006 2135 1114 2196 electo
1130 2142 1163 2194 et
1179 2133 1211 2194 in

125 2218 209 2293 urbe
221 2217 394 2280 Tolosana
406 2223 639 2279 commorante
652 2219 862 2279 committere
876 2218 977 2278 valet.
993 2218 1020 2278 A
1032 2217 1211 2280 Directore

126 2300 275 2378 generali
298 2304 350 2361 vel
375 2299 426 2361 ab‘
444 2319 484 2361 eo
508 2301 605 2378 quem
632 2300 771 2379 elegerit
788 2300 1010 2361 instituuntur
1026 2298 1212 2361 directores

127 2381 307 2459 dioecesani,
325 2381 367 2443 ab
394 2382 570 2464 Episcopis
604 2380 947 2462 designationes
976 2382 1160 2444 directores
1193 2401 1213 2442 a

128 2463 345 2533 dioecesanis,
392 2465 557 2546 probante
598 2463 778 2546 Episcopo,
820 2462 1049 2528 nominantur.
1089 2462 1213 2526 Omnes

127 2547 267 2627 denique
304 2547 481 2629 Episcopis
514 2547 716 2616 subduntur,
754 2547 856 2609 salvis
890 2547 1028 2608 statutis
1065 2548 1108 2610 ab
1143 2547 1213 2628 ipsa

128 2630 162 2693 S.
181 2630 266 2692 Sede
282 2631 490 2713 approbatis.
785 2643 787 2648 '

167 2723 275 2785 Porro
305 2724 454 2805 cooptatio
484 2723 641 2786 sodalium
664 2725 845 2806 ,perficitur
877 2725 984 2786 relato
1015 2723 1149 2790 nomine
1179 2722 1212 2784 in

127 2805 260 2878 tabulas
277 2807 452 2885 aggregati
469 2807 617 2868 sodalicii
634 2819 667 2867 et
684 2815 818 2889 recepta
833 2808 995 2869 schedula
1010 2801 1108 2884 (tillet
1123 2805 1212 2867 d'ad-

126 2885 278 2963 missiove).
314 2887 419 2948 Immo
449 2887 513 2948 his¹
540 2888 778 2968 ‹ii-pensantur
807 2890 921 2951 lideles
953 2890 986 2950 in
1021 2887 1213 2967 regionibus

126 2967 323 3030 missionum
340 2967 403 3035 ubi,
422 2969 521 3031 nimis
544 2969 676 3031 difficile
697 2971 783 3033 foret
807 2972 943 3041 nomina
966 2969 1161 3048 inscribere,
1180 2979 1213 3031 et

128 3058 293 3128 quotquot
323 3049 494 3132 pertinent
523 3052 566 3113 ad
597 3053 757 3134 instituta
787 3054 943 3134 religiosa
968 3073 1059 3133 ,quae¹
1083 3054 1214 3122 sodales

126 3135 346 3212 Apostolatus
373 3152 512 3195 suarum
530 3134 724 3197 orationum
749 3142 783 3198 et
799 3136 964 3212 bonorum
980 3155 1120 3216 operum
1138 3154 1214 3216 par-

126 3214 242 3296 ¹tic'ipes
258 3214 594 3297 fecerithuaelibct
608 3217 987 3300 exteriorcooptationis
1000 3218 1212 3301 significatio,

126 3296 228 3359 etiam
252 3317 338 3378 quae
362 3298 467 3374 uerbo
493 3299 669 3376 consistat,
695 3300 777 3362 satis
804 3310 855 3363 est
880 3310 919 3362 ut
942 3309 1107 3382 personae
1129 3301 1215 3362 istae

124 3381 194 3442 sint
210 3386 402 3461 cooptatae.

114 3489 118 3500 ’
167 3473 307 3566 Sodales
323 3482 436 3566 autem
452 3475 560 3567 tribus
583 3477 836 3564 constituuntur
852 3478 1024 3558 gradibus,
1053 3496 1113 3566 pro
1133 3496 1214 3555 ¹sus-

127 3563 232 3637 ceptis
248 3557 556 3620 exercitationibus.
572 3558 637 3621 Sed
650 3559 776 3640 primus
792 3563 917 3640 gradus
930 3562 1021 3624 solus
1035 3569 1086 3626 est
1102 3578 1214 3621 essen·

127 3637 215 3699 tialis
236 3640 457 3718 omnibusque
484 3644 696 3703 communis:
724 3661 807 3704 suae
832 3649 943 3704 tamen
962 3644 1080 3723 cuique
1095 3642 1215 3722 gradui

126 3727 206 3788 ,suut
221 3721 377 3802 propriae
393 3722 646 3802 indulgentiae.¹
738 3798 741 3801 ,
792 3745 793 3750 ’
974 3727 975 3732 ’

171 3815 257 3880 558.
276 3815 545 3882 confraternitas
557 3819 619 3882 SS.
636 3821 871 3884 sacramenti.
889 3842 916 3883 1.
933 3820 1028 3882 Haec
1041 3840 1109 3889 non
1121 3829 1214 3884 tenc·-

127 3904 183 3956 tur
199 3897 271 3975 lege
287 3899 479 3967 distamiae..
524 3955 526 3958 -

169 3994 200 4037 2.
216 3979 292 4069 Ipsa
309 3981 470 4044 canonica
493 3983 800 4048 erectionelruitur
823 3984 1038 4065 indulgentiis
1055 4004 1214 4054 romanae

128 4057 535 4142 Archiconlraternitatis,
551 4065 647 4147 cujus
660 4067 756 4131 sedes
769 4067 865 4131 estin
879 4066 1024 4128 Basilica
1036 4067 1072 4131 S.
1084 4068 1214 4132 'Mariae

128 4213 472 4231 -Ἇ--ι

126 4363 129 4372 ,
158 4314 166 4348 1
176 4310 343 4372 Archt'ccrbtre'i
351 4313 371 4358 ia
381 4312 407 4360 dc
414 4312 439 4360 la
451 4316 487 4362 Ga
492 4315 531 4362 rde
541 4317 670 4364 d'lioniieiir
680 4317 711 4364 du
722 4318 885 4367 Sacri-Cam.

127 4425 140 4431 ,,
155 4384 166 4418 2
176 4380 369 4450 Areliconsre'rie
379 4381 409 4430 du
419 4384 447 4432 S.
461 4385 530 4431 Coeur
538 4386 564 4432 de
572 4388 640 4438 Je'sus
649 4393 708 4447 pour
718 4387 742 4433 la
753 4388 835 4434 liberii
842 4389 872 4434 du
884 4389 948 4447 Papa
956 4393 975 4435 et
985 4387 1006 4434 la
1012 4387 1076 4435 salut
1085 4388 1111 4436 da
1123 4392 1183 4435 toute
1191 4388 1214 4436 lc

128 4440 231 4492 siclae:
242 4445 263 4486 et
273 4442 294 4487 A
300 4439 465 4500 rcliiconjre'rie
473 4443 531 4503 depr
536 4443 581 4491 i'e're
589 4451 609 4491 el
615 4443 641 4492 de
646 4446 762 4504 pe'ni'ience
772 4461 798 4492 en
806 4446 927 4493 l'lionneur
940 4446 971 4493 du
981 4448 1009 4495 S.
1023 4446 1126 4494 Cicirri
1134 4447 1212 4498 Je'siis.

1296 1713 1333 1759 De
1348 1713 1368 1759 A
1371 1717 1423 1772 pos·

1271 1770 1344 1818 tolatu
1368 1785 1421 1818 oru-

1268 1831 1349 1890 tionis.

1286 1912 1347 1970 Ejus
1357 1911 1424 1958 indo·

1265 1968 1305 2025 las,

1297 2051 1415 2109 Regimen.

1291 2707 1424 2777 sodalium.

1269 2787 1393 2843 cooptatio.

1290 3483 1362 3528 Varii
1369 3495 1426 3540 gra-

1271 3540 1322 3588 dus.

1298 3827 1336 3874 De
1365 3827 1426 3876 Con·

1269 3884 1420 3944 fraternitate

1270 3945 1318 3990 SS.
1341 3943 1428 3992 Sucro·

1270 4002 1352 4051 menti.
