3148 5004
133 471 313 557 [mr-125]
500 496 537 530 ne
553 443 710 531 vodium
726 454 871 531 mosi
1182 472 1220 532 rr

140 630 337 713 Scripturis.
367 631 486 710 Itaque
508 629 703 692 continetur
729 629 808 712 ipsis
836 629 983 694 consiliis
1005 627 1220 710 evangelicis,

139 731 224 793 quae
240 712 425 797 respiciunt
447 713 566 775 melius
582 712 717 793 aliquod
732 715 869 792 bonurn,
887 713 975 792 quod
998 713 1066 775 talc
1087 717 1221 773 estnon

136 801 276 940 propter
305 795 546 880 particularem
577 795 719 878 alicujus
748 796 806 857 sed
839 804 976 878 propter
1009 813 1220 856 communem

162 880 310 953 ominum
332 877 576 942 condicionem.
605 876 674 941 Cfr.
699 877 734 941 S.
765 878 945 956 Thomam,
974 898 1060 955 m,
1087 896 1119 956 q.
1151 881 1219 954 108,

135 970 202 1022 art.
219 983 250 1044 4.

177 1052 326 1134 Specialis
341 1061 454 1116 autem
471 1053 604 1116 vocatio
630 1054 668 1118 fit
690 1073 749 1136 per
774 1053 979 1117 locutionem
1001 1054 1219 1132 singularem,

135 1135 160 1198 i.
174 1155 207 1198 e.
223 1137 265 1198 ad
277 1156 392 1199 unum.
410 1138 463 1198 Ita
478 1155 538 1219 per
554 1135 659 1199 verba
673 1156 733 1199 ore
749 1139 882 1218 prolata
894 1137 1044 1218 singulos
1056 1136 1221 1199 Dominus

135 1218 293 1281 invitavit
315 1221 508 1297 apostolos3
532 1238 622 1281 nunc
646 1228 759 1281 autem
782 1220 955 1298 interiore,
972 1219 1232 1300 utplurimum,

135 1300 317 1393 locutione,
336 1301 480 1386 Spiritus
508 1309 648 1364 sanctus
678 1301 793 1365 intime
819 1308 933 1365 movet
958 1309 1061 1382 atque
1083 1301 1222 1382 impellit

135 1400 276 1446 ammos

179 1465 223 1530 Ut
250 1465 405 1529 distincte
435 1474 548 1528 tamen
579 1466 785 1547 percipiatur
821 1487 887 1548 quo
923 1472 1052 1548 spectet
1086 1464 1221 1527 vocatio

138 1546 286 1629 specialis,
314 1549 399 1611 haec
416 1555 593 1632 praeterea
619 1549 777 1615 videntur
803 1550 1057 1612 consideranda.
1085 1550 1221 1612 Nullum

140 1630 296 1709 novimus
321 1652 395 1694 esse
418 1651 503 1715 opus
529 1635 689 1709 salutare,
707 1633 786 1712 quin
809 1633 1046 1713 proficiscatur
1069 1652 1089 1694 a
1111 1631 1222 1712 gratia

141 1714 307 1776 excitante
323 1724 357 1777 et
368 1716 524 1797 juvante.
541 1715 579 1777 In
607 1717 702 1778 bouis
726 1721 839 1777 autem
863 1715 1020 1798 operibus
1047 1713 1222 1778 referimus

142 1796 293 1877 profecto
329 1797 538 1880 propositum
575 1797 738 1878 sequendi
771 1798 911 1861 consilia
947 1798 1144 1878 evangelica
1180 1797 1223 1858 ad

141 1883 416 1961 supernaturales
431 1884 660 1960 assequendas
677 1880 850 1942 utilitates.
866 1883 915 1945 Re
931 1900 1014 1943 vera
1029 1881 1133 1962 igitur
1151 1882 1223 1962 jam

142 1961 277 2042 speciali
303 1961 367 2024 dici
383 1970 525 2046 possunt
550 1964 662 2027 ornati
685 1964 878 2041 vocatione,
894 1971 1059 2045 quotquot
1082 1971 1174 2024 recte
1189 1968 1222 2023 ct

140 2042 321 2107 efficaciter
337 2053 500 2129 appetunt
516 2053 642 2109 statum
659 2046 867 2126 religiosum.
884 2048 1010 2109 Verum
1026 2054 1106 2107 sunt
1120 2045 1222 2107 etiam

141 2125 197 2206 qui
211 2127 373 2209 peculiari
385 2128 483 2191 modo
496 2135 529 2190 et
542 2130 704 2192 instinctu
721 2130 937 2210 impellantur
952 2129 994 2192 ad
1007 2130 1096 2190 viam
1113 2127 1221 2188 consi·

138 2207 258 2271 liorum
282 2210 473 2284 ineundam,
492 2211 539 2272 ita
555 2223 593 2274 ut
619 2232 687 2274 non
703 2219 836 2273 tantum
853 2213 933 2294 ipsis
956 2211 1036 2273 utile
1053 2221 1086 2272 et
1103 2211 1222 2272 melius

139 2291 182 2353 sit
204 2292 332 2373 ingredi
357 2293 567 2375 religionem,
596 2296 666 2373 sed,
698 2293 732 2357 ni
758 2294 912 2372 fecerint,
941 2293 1082 2376 positive
1109 2291 1222 2353 obnixi

138 2374 318 2438 videantur
336 2378 468 2458 gratiae
492 2378 625 2440 divinae
655 2377 770 2458 reique
798 2377 878 2439 facti
899 2374 1050 2458 positivae
1075 2373 1221 2456 inperser-

136 2455 239 2520 tionis.
253 2457 328 2540 Jam
342 2479 424 2522 vero
441 2461 536 2538 tales,
547 2479 671 2541 eosque
685 2463 775 2522 solos
789 2459 929 2522 dicimus
945 2460 1087 2521 donatos
1099 2453 1224 2540 speciali

135 2540 324 2605 vocatione.
599 2541 601 2546 ’

177 2643 206 2701 3.
225 2615 291 2686 Pro
303 2625 410 2708 gradu
423 2645 482 2705 quo
497 2623 634 2693 habetur,
662 2624 797 2686 vocatio
820 2630 872 2686 est
888 2630 1004 2688 remota
1020 2631 1053 2687 et
1065 2621 1221 2705 proxima.

136 2705 289 2768 Proxima
303 2710 482 2770 vocatione
497 2706 644 2770 afficitur
662 2709 689 2770 is
706 2709 770 2784 cui,
789 2709 860 2770 sive
873 2728 916 2769 ex
931 2708 1079 2786 generali
1095 2708 1166 2769 sive
1182 2725 1223 2766 ex

136 2789 273 2870 speciali
295 2791 485 2868 vocatione,
510 2810 577 2851 non
601 2791 728 2853 omissa
751 2791 1019 2852 consideratione
1046 2789 1222 2871 adjuncto·

136 2887 211 2932 rum
227 2871 261 2932 in
286 2874 406 2952 quibus
429 2880 599 2945 versatur,
614 2875 794 2937 innotescit
807 2873 955 2935 divinum
976 2871 1222 2953 beneplacitum

137 2970 178 3013 eo
195 2962 348 3032 spectare
370 2962 408 3018 ut
423 2956 494 3038 ipse
510 2974 645 3018 revera
662 2955 797 3018 incedat
813 2976 872 3036 per
887 2955 975 3018 viam
992 2955 1221 3029 consiliorum,

137 3033 283 3098 maxime
309 3039 337 3100 si
363 3041 403 3102 dc
433 3039 603 3120 praesenti
634 3048 757 3118 agatur
787 3047 1016 3101 exsecutione.
1045 3037 1107 3100 Cui
1134 3037 1222 3098 istud

138 3115 304 3208 inciderit,
321 3121 418 3183 simul
434 3120 626 3183 necessario
648 3123 734 3182 inest
751 3121 903 3202 proxima
919 3121 1072 3203 aptitudo
1088 3129 1122 3181 et
1138 3122 1222 3201 phy-

136 3217 208 3260 sica
234 3220 274 3264 ac
296 3206 432 3266 moralis
456 3204 600 3265 facultas
627 3202 829 3283 exsequendi
847 3206 1066 3285 propositum.
1091 3203 1221 3264 Remota

66 3291 75 3307 ·
134 3287 197 3360 est,
206 3286 338 3362 quando
351 3287 435 3349 haec
444 3287 577 3348 divinae
590 3285 775 3348 voluntatis
787 3285 988 3366 significatio
997 3293 1075 3348 actu
1089 3283 1221 3364 quidem

134 3383 202 3426 non
227 3367 385 3447 habetur,
412 3370 527 3431 futura
549 3375 662 3448 autem
685 3374 737 3430 est
763 3367 790 3428 si
817 3370 917 3429 homo
940 3388 976 3429 se
999 3367 1138 3428 adeam
1162 3384 1222 3447 per

137 3447 337 3531 orationem,
354 3452 486 3514 fidelem
503 3450 625 3513 minori
641 3451 771 3532 gratiae
785 3450 1109 3531 obtemperationem
1124 3466 1221 3529 prae·

137 3539 246 3610 paret,
263 3537 317 3598 vel
343 3535 505 3597 adfuisset
521 3533 584 3595 nisi
597 3533 774 3595 obstacula
789 3533 979 3595 voluntaria
995 3550 1069 3594 eam
1085 3530 1221 3611 impedi-

136 3611 277 3681 vissent.
290 3619 491 3698 -Namque
504 3616 567 3678 etsi
580 3617 693 3678 divina
706 3615 861 3678 invitatio
874 3623 985 3697 potest
998 3633 1071 3676 esse
1084 3613 1221 3676 omnino

136 3699 298 3779 gratuita,
320 3700 424 3762 immo
453 3720 529 3762 cum
546 3698 716 3761 demeritis
743 3701 937 3780 conjuncta,
956 3717 1023 3762 non
1046 3715 1126 3758 raro
1142 3715 1222 3757 con·

136 3782 284 3868 nectitur
293 3803 370 3845 cum
380 3782 578 3863 quibusdam
592 3781 720 3845 meritis
733 3781 1010 3843 antecedentibus
1022 3779 1077 3840 vel
1089 3777 1223 3842 formali

135 3866 382 3944 impetratione.

180 3947 266 4012 126.
288 3971 314 4011 1.
332 3948 524 4012 Universali
540 3946 811 4030 promulgatione
827 3945 1042 4009 consiliorum
1059 3943 1091 4007 in
1108 3944 1221 4009 Evan-

136 4027 224 4104 gelio
239 4029 332 4093 Deus
354 4033 427 4093 vult
442 4050 571 4108 omnes,
597 4038 763 4110 quotquot
786 4030 956 4110 pertinent
971 4028 1013 4089 ad
1034 4025 1219 4105 Christum,

138 4109 251 4190 aliquo
266 4114 396 4178 versari
414 4114 512 4176 modo
535 4113 598 4174 sub
614 4132 731 4174 eorum
749 4113 833 4192 lege,
851 4129 1047 4190 eorumque,
1065 4128 1126 4192 pro
1142 4109 1222 4171 data

137 4198 403 4274 opportunitate,
417 4196 633 4276 frequentare
645 4201 759 4257 actus:
769 4193 946 4256 tribuendo
960 4196 1220 4274 eleemosynam,

138 4275 340 4342 abstinendo
352 4279 550 4359 quibusdam
565 4277 702 4354 deliciis,
721 4277 917 4352 honoribuS,
935 4275 1078 4336 libenter
1093 4273 1221 4335 obtem·

137 4363 288 4436 perando
318 4362 351 4424 in
382 4381 448 4423 non
483 4360 682 4423 necessariis
712 4366 745 4422 et
775 4361 822 4421 sic
852 4358 1022 4438 sequendo
1055 4356 1088 4420 in
1118 4355 1221 4417 variis

140 4441 308 4525 adjunctis
334 4443 474 4508 consilia
498 4462 583 4524 quae
609 4452 772 4525 perpetuo
798 4442 981 4504 observant
995 4439 1154 4519 religiosi.
1170 4439 1221 4500 Eo

1275 1057 1398 1118 spectatis.
1413 1039 1414 1044 ’

1292 1469 1436 1518 Declaratur

1278 1531 1342 1575 ratio
1367 1541 1434 1576 voca·

1277 1588 1350 1633 tionis
1387 1592 1434 1646 spr-

1275 1644 1355 1694 ciclis.

1277 2624 1405 2672 Proxima.

1287 3955 1433 4003 Deuoculr'o·

1279 4016 1318 4060 m's
1344 4014 1433 4081 raeligio·

1275 4085 1315 4118 sae
1342 4085 1433 4118 univer·

1276 4129 1379 4177 salitule.

1279 4240 1331 4300 Qua
1343 4241 1435 4287 ratione

1277 4313 1353 4345 omnes
1385 4299 1434 4343 siut

1276 4356 1370 4414 sublege
1379 4369 1434 4402 con-

1275 4413 1393 4460 siliarum.
