3148 5004
301 1199 304 1206 ,
387 1083 399 1172 ς
453 1147 457 1153 1
504 1061 681 1163 suuut
725 1059 892 1160 ueuuu

292 1284 403 1348 inserti
422 1288 493 1346 sunl
512 1283 546 1344 io
566 1281 641 1364 apsis
663 1279 752 1343 lineis
774 1281 895 1343 nuttriri
916 1281 1104 1364 marginales
1208 1319 1212 1323 ·

561 1471 841 1480 ..m

393 1709 394 1714 Ν
518 1603 667 1686 PARS
692 1605 878 1686 Futura

267 1850 269 1855 .
308 1799 361 1864 DE
384 1799 514 1866 sidtu
537 1799 751 1866 uuttomso
774 1799 821 1865 lll-
841 1797 1086 1866 uulvaasuu

205 1994 324 2059 Carus
345 1996 371 2059 Ι.
396 1996 562 2064 [testatus
584 1996 719 2081 religiosi
742 1953 871 2077 rollone,
897 1996 1034 2078 partibus
1061 1995 1091 2062 et
1118 1996 1184 2062 ortu

275 2127 437 2192 Articulus
456 2129 484 2193 I.
508 2128 611 2192 Notio
633 2134 743 2191 status
765 2128 913 2211 religiosi
928 2173 1157 2192 .....
1227 2150 1240 2192 1

183 2257 339 2327 Descriptio
349 2262 436 2305 status
452 2255 583 2318 religiosi,
597 2274 619 2304 1.

320 2367 338 2448 ξ
356 2387 385 2429 1.
402 2363 486 2449 Quid
500 2366 539 2428 sil
547 2367 695 2448 perfectio
705 2412 1155 2431 .........
1223 2389 1239 2429 2

182 2495 309 2545 Esseutia
319 2493 492 2545 Christianae
502 2495 685 2555 perfeetionis,
700 2497 848 2546 2.—Varia
860 2496 932 2546 ratio
942 2495 1131 2559 perfectionis,
1146 2504 1166 2544 3.

1 2543 25 2618 ⁴)
319 2603 336 2687 ᾗ
358 2626 390 2669 2.
414 2601 499 2687 Quid
518 2605 559 2667 sil
579 2609 677 2668 stolus
691 2606 891 2688 perfectionis
927 2652 1154 2671 ·····
1223 2629 1239 2687 3

182 2735 257 2798 Quid
266 2735 302 2784 sit
311 2740 407 2793 status,
419 2755 442 2794 4.
454 2763 483 2771 -
494 2737 633 2796 Exempla,
650 2743 672 2785 5.
682 2763 711 2772 -
722 2735 861 2798 Obligatio
870 2732 956 2786 st'atus
965 2753 998 2786 ex
1009 2739 1075 2800 lege,
1089 2747 1112 2786 6.
1127 2767 1155 2774 —

154 2807 302 2870 Obligatio,
314 2813 402 2857 status
419 2821 468 2868 per
487 2809 664 2864 voluntatem,
687 2823 709 2866 7.
728 2834 757 2844 -
773 2808 883 2867 Triplex
907 2813 994 2857 status
1009 2806 1151 2867 perlectio-

153 2881 240 2939 nis,8.
258 2908 288 2917 —
298 2882 340 2930 De
349 2881 457 2929 ratione
475 2893 530 2940 qua
540 2881 662 2940 episcopi
679 2880 786 2937 suntin
804 2886 876 2930 statu
895 2879 1079 2942 perfectionis,
1091 2899 1114 2939 9.
1127 2907 1156 2915 -

154 2950 331 3012 Comparatio
340 2949 473 3012 episcopi,
485 2951 635 3000 sacerdotis
646 2957 673 3000 et
682 2949 811 3014 religiosi,
825 2968 861 3000 ιο.

299 3099 302 3106 ’
318 3065 335 3146 ἓ
351 3087 381 3144 3.
405 3053 490 3148 Quid
504 3064 669 3146 discr'plino
683 3086 735 3128 seu
749 3063 853 3128 sciolo
863 3063 1061 3148 perfectionis

240 3195 267 3259 l.
283 3195 335 3258 De
349 3195 494 3259 consiliis
509 3170 746 3277 Evangelicis'
764 3240 1048 3261 ......
1064 3155 1066 3158 Ι
1094 3240 1102 3257 ,
1149 3241 1157 3258 ,
1222 3199 1241 3255 8

183 3322 265 3386 Quod
284 3323 322 3373 sit
338 3337 407 3384 opus
422 3323 539 3382 consilii,
558 3342 594 3373 11.
617 3353 646 3361 -
667 3325 851 3375 Consiliorum
868 3325 924 3374 duo
939 3337 1047 3385 genera,
1069 3341 1107 3372 12.
1127 3349 1156 3358 -

155 3393 275 3444 Consilia
285 3399 350 3443 suut
361 3393 390 3444 in
400 3393 559 3456 Evangelio,
573 3403 609 3442 13.
622 3423 651 3430 -
666 3396 832 3456 Evangelica
843 3394 914 3442 ratio
924 3391 1106 3452 paupertatis,
1119 3409 1154 3448 14·

149 3491 180 3524 ,—
191 3464 331 3514 Castitatis
345 3465 492 3526 perlectae,
508 3470 544 3514 15.
562 3493 591 3500 -
601 3463 783 3514 obedientiae
794 3463 945 3525 religiosae,
960 3469 995 3509 16.
1007 3487 1035 3496 -
1047 3459 1151 3509 Confir-

154 3533 333 3596 matiohujus
347 3535 499 3592 doctrinae,
515 3551 550 3593 ¹7·
563 3555 591 3569 a·
602 3533 764 3590 Corollaria,
779 3541 815 3580 18.

188 3637 193 3646 ⁸
236 3646 278 3711 Il.
306 3646 493 3728 Disciplina
519 3645 733 3729 perfectionis
763 3645 1015 3708 demonstratur
1048 3639 1157 3704 tribus

265 3787 268 3794 .
348 3741 495 3835 consiliis
511 3741 715 3823 evangelicis
763 3783 1156 3806 ........
1206 3759 1240 3816 13

181 3833 315 3908 Probatio
326 3872 359 3908 ex
369 3835 529 3916 traditione,
544 3876 580 3918 19.
592 3885 621 3895 -
632 3861 673 3908 Er
683 3858 799 3913 ratione.
813 3875 850 3908 πο.

234 3955 407 4038 Parorgorr.
424 3956 529 4020 Varia
545 3956 771 4021 consideratio
792 3964 826 4019 et
849 3955 1029 4038 appellatio
1046 3960 1157 4018 status
1212 3969 1213 3974 ’

245 4071 249 4080 ·
591 4052 807 4137 perfectionis
818 4095 1157 4116 .......
1205 4067 1239 4127 15

180 4178 291 4230 Dicitur
300 4185 388 4230 status
398 4181 546 4242 religionis,
563 4181 666 4245 religio,
684 4200 722 4233 21.
734 4211 763 4218 -
774 4183 983 4238 Holocaustum,
1001 4161 1041 4231 22J
1050 4207 1077 4216 —
1089 4181 1154 4229 Per»

150 4249 223 4302 fecta
232 4251 412 4316 paenitentia,
425 4261 464 4303 23.

274 4347 436 4412 Articulus
450 4351 495 4414 ll.
511 4350 563 4414 De
578 4350 732 4432 partibus
747 4355 858 4413 status
874 4346 1022 4429 religiosi

233 4468 261 4532 Ι.
277 4468 329 4532 De
344 4468 397 4532 his
414 4489 500 4552 quae
516 4471 664 4553 postulat
679 4470 831 4553 perfecta
851 4467 925 4548 ejus
942 4469 1041 4531 ratio.
1090 4513 1097 4530 .
1145 4511 1152 4528 .
1201 4479 1234 4540 15
