3138 5014
334 415 395 478 stit
719 439 786 475 rans
800 439 894 476 sarra.
911 439 1001 476 cinus
1016 440 1036 476 ii
1111 437 1113 442 ·

247 567 250 570 ’
334 570 497 634 beneficia
521 571 751 636 ecclesiastica
774 572 987 655 postmodum
1016 569 1210 648 obtinenda,
1234 567 1418 631 secundum

153 1408 218 1515 {trid
227 1409 251 1456 si

124 1470 150 1516 iii
168 1467 240 1514 abilis

125 1529 228 1575 exerceat
235 1539 283 1572 mu·

127 1584 190 1634 aas?

155 1807 247 1855 Poenae

126 1879 183 1924 quaa
197 1879 240 1912 aru
251 1880 285 1912 aa·

124 1924 285 1971 mmmm

125 1981 166 2049 laras
187 1981 285 2040 Regula·

125 2053 189 2086 raum
199 2052 208 2086 :

155 2098 269 2147 Privatia

127 2156 189 2204 varis
202 2159 261 2204 aali-

124 2227 175 2272 aaa,

155 2434 273 2484 Privatia

127 2495 190 2543 aaaa's
204 2495 283 2554 passi·

126 2567 177 2610 aaa,

155 2671 270 2720 Privatia

126 2732 199 2786 vacis,
212 2729 266 2777 atec-

129 2790 203 2836 tionis
211 2801 218 2844 ;

156 2871 270 2918 Priaata‘a

127 2927 254 3035 pffiataram
265 2931 286 2974 at

145 2991 282 3046 ignitarum,

334 659 388 716 sat
414 654 537 716 multos
560 655 721 738 probatos
744 656 900 720 doctores
917 656 939 734 ¹,
958 654 1161 718 sententiam
1184 650 1422 715 deciaratariam

335 757 445 830 perse
461 756 528 800 non
544 737 732 818 requirunt.
746 738 895 819 Etenim,
913 739 961 802 sic
978 738 1084 818 aiunt,
1099 756 1166 801 non
1182 734 1295 818 agitur
1310 734 1364 797 hic
1380 735 1421 796 de

331 839 409 903 Jure
421 820 618 900 amittendo,
632 821 691 884 sed
703 822 743 884 de
756 821 973 904 acquirenda.

377 903 485 986 Saepe
511 909 636 982 tamen,
665 903 728 967 nisi
756 923 855 968 casus
884 903 986 968 fuerit
1011 902 1177 982 notorius,
1205 901 1329 965 solutio
1356 901 1422 964 ista

336 985 580 1069 temperabitur
605 988 713 1049 altero
737 1007 877 1066 canone,
901 1006 968 1069 quo
990 1005 1089 1050 nemo
1112 983 1288 1068 obligatur
1301 983 1343 1046 ad
1359 983 1421 1046 sibi

336 1068 542 1152 eripiendam
568 1069 703 1133 famam.
719 1070 766 1133 Et
781 1069 859 1153 quia
874 1089 998 1152 graves
1014 1070 1100 1132 istae
1115 1087 1243 1152 poenae
1258 1064 1423 1129 mortalem

336 1152 488 1235 plectunt
518 1152 661 1234 culpam,
690 1171 776 1234 quae
804 1153 990 1231 bonafide,
1017 1150 1222 1234 ignorantia,
1247 1168 1315 1213 non
1342 1168 1422 1212 raro

337 1240 530 1312 excusatur,
550 1234 692 1314 difficile,
708 1241 787 1298 ante
803 1236 1017 1314 sententiam,
1034 1235 1109 1298 aliis
1124 1232 1291 1298 constabit
1307 1251 1422 1314 quem·

337 1317 426 1402 pianr
438 1336 512 1380 esse
529 1317 739 1380 inhabilitate
755 1317 926 1382 affectum.

379 1398 441 1464 His
472 1400 508 1462 fit
542 1399 642 1462 etiam
673 1407 710 1462 ut
739 1402 795 1482 qui
828 1401 1196 1484 adversuspoenalem
1231 1397 1422 1460 inhabilita-

338 1487 407 1548 tem
431 1481 530 1544 alicui
556 1483 797 1567 praeficiantur
820 1483 962 1562 muneri,
987 1485 1182 1568 plerumque
1204 1480 1247 1544 ob
1270 1499 1421 1544 errorem

339 1583 551 1632 communem
574 1572 608 1627 et
623 1565 758 1630 titulum
783 1567 969 1630 coloratum
997 1567 1105 1630 valide
1128 1570 1309 1628 exerceant
1319 1563 1422 1646 juris-

339 1646 529 1727 dictionem,
570 1647 665 1730 cujus
698 1655 795 1716 actus
832 1651 1017 1714 consistent
1054 1649 1155 1713 etiam
1192 1653 1268 1731 post
1299 1645 1422 1729 judicis

340 1730 616 1794 declarationem.
941 1785 943 1788 .

380 1815 470 1880 428.
484 1815 555 1894 Age
567 1831 660 1894 vero,
674 1823 796 1879 contra
808 1817 1005 1896 Regulares
1018 1812 1419 1898 plerumqueedicuntur:

380 1895 531 1959 Privatio
560 1897 641 1960 anais
668 1898 794 1969 aatiaaa,
827 1919 894 1980 qua
923 1899 997 1980 quis
1027 1899 1083 1980 jus
1105 1897 1231 1960 amittit
1260 1893 1420 1975 suffragii,

340 1980 459 2042 saltem
470 1977 503 2041 in
517 1979 736 2044 electionibus
748 1982 883 2064 proprie
897 1981 1006 2046 dictis.
1023 1981 1073 2043 Ad
1086 1981 1149 2054 has
1166 1979 1254 2042 enim
1267 1977 1423 2041 contrahi

340 2063 431 2124 valet
446 2060 498 2125 vis
513 2081 653 2147 poenae,
671 2063 733 2126 nisi
750 2070 878 2128 statuta
895 2065 1028 2128 Ordinis
1041 2063 1193 2126 severius
1206 2066 1340 2125 sonent.

376 2165 467 2224 Nulla
491 2175 537 2226 est
561 2169 665 2226 electio
686 2169 723 2226 ad
748 2179 840 2244 quam
867 2169 1103 2244 participandam
1129 2162 1277 2226 a'aalaaba'las
1298 2166 1422 2223 scienter

340 2244 449 2308 luerint
466 2251 598 2312 admissi.
618 2250 649 2310 Si
668 2271 704 2310 ex
722 2253 899 2328 ignorantia,
915 2253 1012 2311 valide
1025 2252 1144 2326 eligitur
1156 2251 1208 2326 qui
1221 2248 1422 2308 sufficientem

339 2345 417 2392 recte
430 2333 602 2408 eligentium
618 2336 717 2395 tulerit
728 2356 902 2398 numerum.

381 2431 532 2494 Privatio
546 2432 627 2494 aaaa's
636 2435 788 2514 passivae,
806 2456 872 2517 qua
888 2437 961 2516 quis
977 2456 1045 2499 non
1057 2437 1149 2499 valet
1160 2435 1230 2517 jam
1242 2438 1298 2515 par
1312 2428 1425 2511 saffia-

336 2513 394 2594 gia
408 2514 559 2577 obtinere
575 2535 715 2580 munera
727 2536 812 2597 quae
829 2519 861 2580 in
880 2519 1043 2602 Capitulis
1059 2517 1202 2582 conferri
1215 2521 1294 2578 sunt
1309 2515 1419 2582 solita,

340 2596 382 2658 ad
397 2595 480 2658 alias
495 2604 609 2660 autem
625 2598 852 2664 institutiones
868 2610 982 2665 manet
997 2602 1130 2666 habilis.

380 2677 531 2741 Privatio
543 2679 623 2742 vacis
635 2681 779 2762 benigne
791 2684 931 2765 intelligi
943 2692 1055 2768 potest
1067 2686 1107 2748 de
1119 2703 1187 2747 una
1195 2698 1278 2744 voce
1290 2678 1420 2755 activa3

340 2758 418 2824 dum
434 2760 580 2846 privatio
595 2760 746 2827 electionis
762 2772 940 2860 utramque
955 2768 1078 2832 aufert.

380 2844 531 2906 Privatio
557 2842 727 2924 officioram
752 2855 779 2911 at
801 2849 991 2934 dignatatum
1016 2851 1029 2882 ²
1056 2846 1288 2914 circumscribi
1313 2847 1425 2928 potest

368 3052 429 3102 ¹Ita
439 3068 464 3102 v.
477 3069 516 3115 gr.
534 3055 669 3120 vasquez,
682 3053 711 3102 in
723 3072 744 3112 1,
761 3073 784 3112 2,
796 3053 823 3103 d.
838 3063 878 3104 168
886 3068 893 3112 ς
906 3056 1015 3113 Wernz,
1028 3054 1084 3103 inl.
1096 3060 1118 3110 5,
1132 3054 1285 3117 Decretqt.
1296 3067 1320 3114 a.
1331 3061 1358 3108 p·
1373 3053 1423 3112 {93³-

339 3112 403 3162 Non
413 3117 504 3162 tamen
514 3112 623 3162 silentio
633 3113 862 3172 praetereundum
873 3118 913 3162 est
924 3113 993 3162 alios
1004 3127 1063 3162 esse
1073 3127 1105 3160 ex
1115 3110 1324 3174 probatissimis,
1337 3119 1385 3166 qni
1396 3118 1426 3152 iri

340 3171 400 3238 ipsa
415 3169 569 3231 frequentia
580 3185 635 3232 qua
647 3170 745 3230 injure
755 3171 939 3219 decernuntur
955 3169 1144 3220 inhabilitates
1154 3169 1190 3216 ad
1202 3165 1433 3232 officia,causam

338 3229 433 3282 vident
448 3227 564 3290 benigne
584 3229 780 3290 interpretandi
797 3234 914 3278 mentem
933 3228 1083 3283 Ecclesiae,
1101 3241 1136 3275 ne
1147 3239 1226 3274 secus
1241 3236 1328 3272 nimia
1338 3221 1424 3270 hoini-

339 3286 423 3336 nibus
433 3287 543 3336 daretur
554 3287 663 3337 occasio
673 3287 816 3347 peccandi.
825 3287 885 3353 Cir,
895 3285 1027 3352 Sanchez,
1036 3284 1161 3342 inDaaal,
1170 3285 1187 3332 l.
1194 3301 1222 3352 ‚²¹
1231 3296 1256 3330 e.
1265 3289 1302 3340 39,
1309 3295 1337 3328 n.
1349 3285 1386 3334 32,
1394 3276 1423 3332 t:

340 3347 452 3401 Suarez,
464 3351 498 3394 tr.
511 3354 533 3402 8,
546 3346 562 3393 l.
577 3364 598 3402 r,
611 3360 635 3394 c.
648 3361 670 3403 7,
683 3359 709 3392 n.
724 3358 766 3402 io;
781 3346 927 3402 Passerini,
940 3346 977 3392 Da
991 3346 1097 3393 ataatiana
1110 3354 1271 3398 canonicae.
1284 3345 1321 3396 25,
1331 3351 1358 3385 n.
1371 3343 1424 3384 626.

369 3404 462 3466 Quare
470 3405 611 3452 contendit
619 3405 642 3451 F
643 3402 750 3460 erraris,
760 3403 917 3467 Bibliotheca,
925 3408 976 3450 etc.
984 3418 1009 3450 v.
1019 3403 1080 3458 Leia,
1090 3406 1141 3465 art,
1154 3418 1176 3456 2,
1184 3412 1211 3447 n.
1223 3406 1259 3458 39,
1270 3411 1321 3462 usu
1330 3395 1426 3443 saltem

340 3461 444 3516 facturn
454 3475 512 3509 esse
523 3467 553 3508 ut
568 3462 680 3510 effectus
691 3461 737 3508 ille
751 3459 925 3520 plenissimus
936 3461 1007 3509 latae
1022 3464 1173 3509 sententiae
1187 3470 1247 3522 non.
1259 3453 1427 3503 tribueretur

341 3517 392 3571 nisi
404 3519 527 3566 censuris
538 3519 608 3570 latae
619 3517 779 3583 sententiae,
797 3518 1054 3578 irregularitatibus,
1071 3511 1304 3582 respirationibus
1315 3509 1426 3575 absolu·

342 3575 430 3626 tionis,
445 3576 640 3636 impedimento
651 3576 773 3642 criminis
784 3575 812 3622 in
824 3576 1008 3633 matrimonio,
1021 3576 1168 3636 privationi
1180 3572 1289 3632 petendi
1302 3566 1427 3633 debitum

341 3633 378 3682 ob
398 3633 565 3685 affinitatem,
591 3634 739 3691 privationi
765 3633 904 3682 fructuum
928 3633 965 3681 ob
990 3634 1127 3695 neglectas
1146 3631 1236 3680 horas.
1261 3627 1319 3678 Cir.
1342 3632 1427 3674 etiam

343 3691 847 3750 Sanchez.t'aDeaat.l.6,c.15,n.64.
865 3699 902 3740 65.
1092 3749 1093 3752 Ἴ
1149 3747 1153 3756 1

372 3749 425 3815 His
442 3747 515 3797 lavet
530 3750 613 3814 etiam
628 3763 789 3815 responsum
804 3751 832 3815 S,¹
845 3751 944 3810 Congr.
961 3748 1078 3800 Concilii
1091 3763 1155 3798 anni
1172 3755 1237 3805 1657.
1255 3743 1428 3808 Interrogata

342 3820 416 3856 enim
426 3807 460 3854 de
475 3814 636 3856 necessitate
651 3807 854 3865 declarationis,
871 3809 907 3856 ad
925 3808 1105 3857 incutiendas
1121 3819 1224 3867 poenas
1241 3806 1358 3852 statutas
1377 3803 1427 3858 apsa

338 3863 413 3929 sacta,
434 3867 517 3924 aasaua
532 3864 696 3918 declaratione.
709 3865 856 3925 respondit.
874 3867 980 3915 silendo
991 3867 1025 3915 de
1035 3866 1097 3916 aliis
1112 3864 1215 3925 poenis,
1231 3861 1289 3909 iad
1300 3857 1428 3906 effectum

293 3977 295 3984 ,
344 3923 500 3974 incurrendi
519 3924 546 3970 in
561 3938 669 3971 censuras
686 3937 740 3971 non
754 3923 857 3983 requiri
879 3924 1112 3983 (declarationem)
1130 3940 1139 3967 i
1157 3921 1240 3980 (Fiat,
1263 3932 1282 3975 1,
1305 3922 1366 3982 503).
1392 3915 1428 3962 Et

343 3980 468 4043 quamvis
479 3979 590 4029 minime
600 3980 636 4030 ab
649 3981 773 4029 Ecclesia
783 3981 974 4041 abjudicemus
984 3987 1146 4043 potestatem
1157 3975 1314 4042 imponendi
1344 3985 1428 4039 oenas

343 4041 413 4089 citra
429 4052 538 4087 omnem
556 4039 727 4095 sententiam,
745 4039 897 4089 moderatio
912 4048 1004 4089 tamen
1020 4041 1071 4088 ista
1089 4039 1198 4087 videtur
1213 4033 1295 4100 nobis
1313 4047 1329 4081 a
1367 4042 1428 4090 ipso

342 4097 416 4148 bono
426 4097 564 4162 communi
576 4097 694 4147 suaderi.
705 4098 752 4146 Sin
762 4099 862 4154 minus,
872 4098 901 4146 in
908 4098 1074 4160 regularium
1084 4103 1157 4145 statu
1165 4102 1192 4144 et
1202 4104 1335 4157 regimine
1342 4088 1428 4156 multa

342 4160 423 4206 erunt
439 4169 467 4203 in
482 4156 586 4204 incerto
595 4169 602 4212 ;
619 4168 772 4215 paucorum
787 4156 951 4217 negligentia
966 4156 1059 4204 omnia
1073 4153 1228 4210 nutabunt:
1247 4157 1274 4200 et
1284 4163 1337 4209 ipsi
1349 4159 1427 4197 inno·

343 4220 434 4265 centes
446 4214 474 4262 in
485 4213 596 4262 timores
606 4223 633 4262 et
642 4213 782 4280 angustias
793 4215 848 4263 lere
859 4222 1005 4274 perpetuas
1015 4213 1218 4278 conjicientur„
1286 4265 1290 4274 ,
1326 4266 1331 4275 ,
1365 4265 1369 4273 ¹
1398 4264 1403 4272 ,

371 4276 425 4321 2111
433 4272 503 4332 jure,
516 4272 623 4331 dignitas
640 4271 708 4320 dicit
720 4273 912 4331 jurisdictiaacm
927 4287 978 4321 aum
992 4272 1140 4324 excellentia:
1158 4269 1263 4329 afficiam,
1275 4261 1427 4333 jurisdictio-

342 4347 394 4382 aem
413 4333 464 4378 siaa
479 4331 635 4379 excellentia:
656 4330 694 4379 ita
712 4329 832 4378 officium
847 4329 970 4390 parochi,
992 4329 1099 4379 vicarii.
1121 4327 1269 4391 Exactimtaa
1286 4337 1339 4388 siaa
1350 4334 1427 4380 Jaras-

343 4390 445 4437 italiana
464 4394 505 4435 est
524 4391 668 4444 personatis,
687 4387 836 4452 quietiam
854 4387 1007 4438 officiorum
1025 4387 1179 4448 privatione
1197 4387 1347 4442 attingitur.
1368 4378 1426 4426 Cli.

344 4446 416 4504 Piat,
432 4444 547 4495 Praeteri.
558 4446 612 4504 jar.
628 4459 688 4504 rag,
705 4445 769 4495 edit.
788 4463 807 4500 1,
826 4452 890 4495 tom.
909 4453 931 4506 3,
948 4460 975 4506 p.
992 4465 1044 4507 291.
