3148 5004
344 479 443 544 XVIII
775 500 876 535 suune
896 499 996 535 annun

1304 627 1306 630 ·
1344 607 1428 660 Pagina

340 686 516 746 professionis
530 687 681 749 religiosae,
695 694 745 736 326.
762 714 791 723 -
806 685 881 749 Quid
898 686 932 734 de
942 691 1007 735 voto
1017 685 1151 735 castitatis
1163 686 1236 734 lacto
1247 685 1340 734 condi-

341 757 456 810 cionate,
471 767 521 816 327.
542 787 567 794 -
584 760 626 806 De
642 758 749 807 indulto
764 756 1111 810 5000122ἰ223ἰο010,323.-
1121 757 1170 806 Vis
1182 757 1343 806 seculariza·

341 827 424 877 tionis
435 834 583 889 perpetuae
594 830 637 876 vol
648 827 816 888 temporalis,
830 836 881 885 329.

465 949 624 1013 Articnlns
638 951 700 1012 HI.
717 950 768 1011 De
784 949 979 1031 expulsione
995 954 1028 1012 et
1045 948 1245 1012 demissione

507 1083 523 1164 ᾗ
542 1105 571 1149 1.
587 1084 635 1145 De
643 1081 717 1163 jnne
731 1087 801 1144 anie
818 1079 970 1142 decretnni
986 1080 1104 1143 Auctis
1121 1054 1300 1146 admodum
1338 1129 1346 1147 .
1375 1104 1429 1166 193

370 1209 445 1272 Quid
462 1210 568 1271 ejectio,
588 1211 720 1268 dimissio,
742 1219 795 1260 330.
814 1238 843 1246 -
862 1212 948 1272 Leges
968 1209 1118 1270 ejectionis,
1140 1219 1191 1261 331.
1211 1240 1240 1248 -
1259 1189 1345 1275 Leges

342 1278 509 1331 dimissionis
526 1283 560 1331 de
578 1281 793 1342 dispensatione,
811 1289 860 1330 332.
882 1309 909 1316 -
928 1280 1050 1330 Effectus
1068 1280 1220 1342 ejectionis,
1244 1290 1295 1331 333.
1316 1310 1345 1318 -

342 1349 462 1400 Effectus
473 1352 649 1409 dimissionis,
664 1360 717 1410 334.

507 1475 523 1555 ᾖ
539 1497 570 1538 2.
586 1476 635 1537 De
643 1473 717 1554 jnne
725 1478 796 1556 posi
811 1472 911 1536 ininni
930 1473 1082 1538 decretum
1100 1474 1216 1536 Auctis
1234 1473 1348 1536 admo·
1383 1500 1386 1505 ·

632 1571 712 1634 dum
735 1615 1347 1636 ............
1375 1573 1432 1652 196

370 1695 455 1746 Notio
476 1696 561 1758 ipsius
582 1698 695 1756 decreti,
717 1706 768 1748 335.
789 1727 818 1734 -
837 1698 985 1759 Suspensio
1004 1713 1076 1748 nova
1096 1703 1193 1746 contra
1211 1699 1343 1758 expulsos,

302 1817 305 1827 ⁴
343 1775 394 1816 336.
413 1794 441 1803 -
462 1768 808 1828 Novumjusdimissionis,
819 1778 870 1827 337.
890 1769 1003 1830 -Quid
1021 1769 1043 1816 si
1055 1767 1206 1817 benevolus
1221 1773 1346 1828 receptor

343 1837 501 1897 dispensare
515 1839 601 1898 possit
617 1838 645 1886 in
656 1839 747 1898 titulo,
764 1847 815 1888 333.
832 1867 861 1874 -
877 1839 952 1902 Quid
962 1839 996 1888 de
1007 1839 1041 1888 iis
1053 1839 1100 1900 qui
1117 1845 1181 1888 ante
1196 1837 1346 1900 ingressum
1362 1849 1364 1854 ’

340 1904 397 1966 iam
413 1913 490 1956 erant
506 1907 535 1956 in
550 1909 645 1966 sacris,
663 1917 713 1968 339.
780 1911 782 1916 '

367 2114 368 2117 Ἴ
450 2028 624 2092 Ανίίειιίιιε
645 2031 705 2096 IV.
729 2032 781 2093 De
804 2030 975 2114 apostasia
998 2036 1031 2093 et
1054 2030 1137 2128 fuga
1172 2076 1179 2092 .
1226 2075 1234 2092 .
1281 2077 1288 2091 .
1336 2077 1348 2109 .,
1369 2053 1429 2094 200

372 2159 536 2218 Apostasiae
556 2167 583 2209 et
604 2162 684 2224 fugae
705 2163 790 2221 notio,
813 2171 864 2220 340.
883 2161 1046 2223 —Quinam
1064 2159 1119 2209 sint
1140 2165 1282 2221 apostatae
1302 2162 1346 2210 vel

343 2241 407 2286 non,
420 2237 470 2289 341.
485 2259 513 2267 -
525 2233 634 2282 Poenae
644 2239 846 2295 apostatarum,
861 2242 911 2292 342.
924 2259 953 2268 -
968 2233 1077 2280 Poenae
1088 2231 1279 2296 fugitivorum,
1293 2240 1344 2291 343.

589 2357 763 2438 Penergon.
779 2357 831 2419 De
844 2355 1008 2437 religiosis
1025 2355 1183 2438 dispersis
1228 2403 1237 2420 .
1284 2403 1291 2420 .
1339 2377 1431 2420 ,202

372 2460 428 2530 Cur
436 2483 590 2563 peculiares
600 2485 755 2544 provisores
765 2488 792 2532 et
802 2499 857 2545 quo
868 2490 1000 2544 spectent,
1014 2493 1065 2543 344.
1078 2513 1107 2522 -
1117 2486 1258 2544 Exempla,
1272 2491 1322 2543 345.

679 2637 827 2720 PARS
854 2637 1086 2743 Quium

527 2833 584 2897 DE
619 2832 910 2900 PRIVILEGIIS
944 2829 1249 2898 REGULARIUM

625 3003 744 3066 CAPUT
765 3004 793 3068 Ι.
820 3004 960 3069 Nationes
983 3005 1142 3086 generales

465 3143 626 3207 Anticliins
648 3146 675 3211 I.
698 3147 750 3208 De
772 3147 955 3230 privilegiis
978 3151 1203 3215 communiter
1227 3198 1236 3216 .
1282 3197 1290 3214 .
1337 3198 1344 3213 .
1371 3168 1428 3229 205

370 3271 582 3337 Privilegiorum
592 3272 668 3332 notio
680 3279 706 3322 et
721 3275 835 3335 species,
856 3284 906 3335 346.
920 3306 948 3314 -
960 3277 1175 3346 Privilegiorum
1186 3277 1349 3340 acquisitio,

340 3348 391 3401 347.
405 3371 433 3379 -
452 3343 663 3403 Privilegiorum
679 3343 879 3405 interpretatio,
894 3355 944 3406 348.
962 3376 990 3385 -
1009 3349 1219 3411 Privilegiorum
1228 3345 1340 3403 amotio,

340 3420 393 3470 349.
406 3440 434 3448 -
445 3414 591 3462 Clausulae
602 3412 818 3465 confirmationis
828 3415 975 3478 privilegii,
990 3423 1041 3466 350.

464 3535 623 3598 Aniicnins
638 3537 681 3600 II.
691 3538 749 3626 ‘De
765 3538 948 3629 privilegiis
964 3537 1170 3618 regularium

506 3667 522 3748 ξ
559 3688 585 3730 1.
621 3669 669 3731 De
703 3669 972 3733 communicatione
1001 3667 1238 3752 privilegiorum
1267 3671 1348 3732 iniec

669 3763 846 3846 regularem
894 3807 902 3825 .
949 3810 956 3826 .
1003 3810 1011 3826 .
1058 3809 1066 3829 .
1113 3809 1121 3826 .
1169 3811 1176 3844 ,
1225 3810 1233 3826 .
1281 3811 1288 3827 .
1336 3769 1429 3826 ,208

289 3921 291 3924 -
367 3887 452 3937 Notio
470 3890 728 3940 communicationis
747 3891 964 3952 privilegiorum,
985 3897 1035 3940 351.
1048 3919 1077 3927 -
1088 3891 1263 3954 Quibusnam
1273 3891 1343 3940 haec

339 3957 516 4019 participatio
526 3961 561 4010 sit
571 3962 653 4019 iacta,
667 3969 717 4012 352.
738 3972 766 3996 ‘—
782 3964 824 4010 De
836 3961 1006 4010 Monialibus
1018 3961 1104 4023 Belgii
1116 3966 1143 4010 et
1155 3960 1270 4018 Galliae,
1290 3967 1341 4010 353.

337 4055 366 4064 -
383 4028 530 4092 Privilegia
549 4037 671 4092 excepta,
685 4037 736 4088 354.
749 4032 933 4092 -Quomodo
948 4030 996 4079 fiat
1008 4031 1230 4090 communicatio,
1251 4039 1301 4082 355.
1315 4061 1343 4068 -
1386 4025 1389 4029 “

339 4101 380 4148 De
392 4101 641 4150 communicatione
652 4101 859 4166 privilegiorum
871 4100 1016 4150 societatis
1026 4103 1101 4160 Jesu,
1115 4110 1165 4162 353.

503 4223 520 4304 ᾖ
543 4243 573 4288 2.
594 4224 642 4286 De
657 4223 788 4286 isionnni
804 4221 1040 4307 privilegiorum
1056 4225 1303 4308 interpretatione
1319 4229 1346 4285 el

626 4319 850 4382 conservatione
893 4366 901 4384 .
948 4367 957 4385 .
1003 4366 1011 4384 .
1059 4367 1073 4393 .,
1114 4365 1342 4388 .....
1368 4339 1426 4382 211

366 4447 566 4508 Interpretandi
579 4448 685 4508 modus,
698 4462 807 4510 genera,
827 4456 877 4508 357.
891 4478 919 4487 -
931 4449 1140 4513 Privilegiorurn
1152 4451 1245 4509 tutela,
1259 4455 1310 4500 358.
