3138 5014
140 867 302 985 iiiiiididn,

170 1040 302 1100 Pauperta-

142 1102 194 1146 tem.

170 1700 234 1762 Quid
243 1702 267 1747 si

141 1757 259 1806 dimiserit
269 1773 302 1806 rc·

139 1816 234 1865 alesiam
244 1817 257 1863 i

167 2203 233 2308 yuid
247 2207 271 2251 si

139 2276 165 2309 so
183 2265 229 2308 alis
239 2263 300 2309 Con·

137 2321 299 2379 gregorianis?

143 3397 147 3406 Ι
165 3338 272 3406 Porochi

136 3402 264 3444 institutio.

150 3509 181 3554 Si
186 3510 295 3566 paroecia

132 3565 196 3636 piene
205 3567 294 3624 regulu-

134 3634 185 3680 riti

351 437 419 515 ’,308
732 458 800 504 ruiis
814 457 929 494 ocrim.
946 458 1037 508 cneus
1050 459 1071 510 ii

359 623 458 685 quam
474 609 712 683 assequeretur
736 602 933 684 dignitatem
959 602 1193 684 episcopalem,
1212 602 1259 664 ita
1281 605 1411 664 tamen
1433 605 1476 662 ut

351 686 390 750 -iri
418 687 642 769 peculiaribus
670 687 803 748 casibus
830 686 1013 763 prudenter
1035 685 1199 767 judicium
1223 684 1310 746 ferre
1328 684 1472 766 possit,

349 778 472 834 “utrum
490 790 564 832 cuin
581 769 743 850 dignitate
759 782 791 830 et
804 769 913 830 officio
929 768 1109 850 episcopali
1126 769 1342 856 conveniant.
1365 795 1382 822 »

358 859 359 862 ’
399 877 430 935 4.
458 857 486 916 Α
510 843 682 916 dominatu
709 853 936 934 praelatorum
964 852 1168 932 regularium
1184 859 1235 913 est
1260 856 1470 931 exemptuS.

357 936 399 1000 A.
416 936 451 999 S·
466 935 500 998 S·
518 947 545 998 t·
568 957 597 1028 12
611 955 666 1018 pp·
684 957 754 1030 237·
770 958 841 1016 449·
859 941 931 1016 463·
948 940 1021 1027 465,-

351 1036 354 1044 ·
400 1037 430 1098 5.
457 1019 616 1100 Exceptis
653 1019 798 1100 scriptis,
827 1037 845 1078 e
879 1019 1036 1080 claustris
1070 1017 1152 1080 nibil
1181 1037 1296 1079 secum
1329 1015 1469 1078 afferre

358 1100 565 1184 permittitur
587 1100 682 1163 bonis
709 1099 828 1181 quibus
855 1100 1014 1162 utebatur
1038 1101 1170 1180 quando
1187 1105 1362 1180 promotus
1391 1107 1465 1160 est.

399 1188 430 1246 6.
448 1185 512 1247 Per
528 1184 633 1265 ipsam
650 1185 894 1264 promotionem
911 1203 1017 1264 capax
1033 1184 1070 1245 fit
1086 1182 1297 1256 succedendi,
1316 1183 1464 1244 etiarnsi

358 1268 502 1348 pertinet
528 1268 570 1328 ad
593 1266 751 1329 Ordinem
778 1267 878 1347 hujus
902 1267 987 1346 juris
1012 1268 1251 1345 impotentein;
1277 1265 1464 1327 renuntia-

357 1349 404 1412 tio
421 1356 532 1411 autem
549 1359 627 1410 ante
650 1349 890 1429 professionem
909 1349 998 1411 faeta
1014 1349 1053 1410 de
1067 1349 1162 1418 bonis
1179 1349 1248 1412 suis
1266 1354 1463 1411 revocatur

357 1432 445 1511 quod
467 1432 508 1494 ad
531 1432 734 1494 hereditates
759 1451 843 1510 quae
868 1452 934 1493 non
958 1431 1024 1494 sint
1050 1433 1145 1496 alteri
1161 1438 1240 1494 ante
1263 1432 1460 1513 Episcopa-

357 1520 427 1576 tum
443 1513 640 1594 acquisitae.
657 1514 696 1576 A.
714 1513 749 1576 S.
767 1513 802 1577 S.
820 1521 845 1576 t.
866 1535 892 1592 1,
915 1535 947 1595 p.
974 1536 1031 1594 227
1060 1522 1150 1578 nota.
1180 1514 1303 1578 Omnia
1332 1521 1455 1577 autem

357 1596 500 1678 acquirit
516 1616 598 1658 suae
611 1597 785 1658 ecclesiae.

398 1699 428 1759 7.
446 1679 480 1742 Si
507 1680 550 1741 ab
577 1680 718 1741 ecclesia
745 1699 818 1752 sua,
837 1679 879 1740 ob
904 1679 1050 1758 aliquam
1075 1701 1225 1755 causam,
1252 1679 1448 1750 recesserit,

356 1761 397 1822 ad
414 1762 564 1824 claustra
588 1763 695 1824 redire
719 1761 829 1838 debet,
848 1763 905 1823 sed
921 1763 1044 1842 eligere
1067 1770 1178 1844 potest
1201 1763 1444 1826 monasterium

355 1843 407 1906 sui
420 1843 564 1908 Ordinis
581 1846 613 1906 in
628 1864 693 1925 quo
707 1843 823 1924 degat3
841 1853 886 1921 et,
905 1845 967 1907 nisi
985 1847 1082 1908 simul
1099 1847 1346 1909 renuntiaverit
1361 1863 1445 1906 suae

351 1925 508 2007 'dignitati
525 1927 689 2005 (obtinere
705 1935 816 2008 potest
831 1935 868 1989 ut
882 1928 1035 1990 omnibus
1053 1929 1237 2009 insignibus
1251 1950 1286 1992 se
1299 1927 1446 2012 spoliet),

355 2028 422 2070 non
438 2010 571 2072 videtur
593 2010 688 2071 subdi
715 2010 878 2073 Praelatis
895 2012 1117 2085 regularibus
1134 2013 1250 2092 Neque
1273 2014 1315 2075 ad
1337 2013 1448 2076 officia

353 2100 387 2154 et
404 2092 584 2173 dignitates
610 2093 661 2154 sui
690 2092 825 2155 Ordinis
849 2093 918 2175 ipse
942 2095 1133 2175 promoveri
1151 2101 1275 2175 potest.

394 2176 439 2238 Ν.
450 2177 495 2238 -Β,
513 2177 607 2258 Quae
630 2174 773 2238 diximus
796 2176 963 2258 videntur,
990 2177 1032 2237 ob
1050 2197 1173 2239 causae
1190 2178 1439 2240 similitudinem

354 2258 561 2320 traducenda
578 2258 678 2320 etian
695 2260 736 2320 ad
752 2260 955 2340 Episcopum
972 2264 1027 2337 qui
1041 2261 1239 2323 adsciscitur
1253 2281 1294 2322 ex
1308 2261 1440 2346 Congre-

350 2341 475 2422 gaiione
487 2341 643 2422 religiosa.
662 2340 731 2404 Cir.
750 2343 925 2420 Avanziui‚
939 2343 980 2404 A.
995 2342 1028 2405 S.
1044 2343 1079 2406 S.
1097 2349 1122 2405 t.
1144 2365 1169 2419 i,
1189 2364 1220 2426 p.
1235 2350 1306 2425 466.

583 2541 776 2588 ARTICULUS
798 2543 835 2588 ii.
860 2526 900 2591 lle
923 2525 1054 2593 Paroobo
1078 2528 1205 2610 regulari

351 2691 498 2752 Sanebea
511 2692 544 2746 In
560 2693 650 2747 Decet.
665 2692 682 2745 l.
695 2695 718 2754 6,
731 2708 754 2745 e.
767 2695 790 2755 6,
802 2709 829 2746 n.
844 2697 936 2759 36-39;
954 2697 1080 2758 suarez,
1093 2698 1132 2752 De
1145 2697 1290 2766 Belloiona
1302 2697 1336 2752 li.
1350 2699 1374 2764 8,
1385 2700 1406 2755 l.
1419 2705 1445 2757 3.

386 2783 408 2821 e.
419 2770 462 2833 193
472 2771 667 2832 Pelliaari'us,
676 2773 808 2830 Monunio
820 2776 913 2841 Rapui.
925 2777 958 2828 tr.
969 2778 992 2838 8,
1003 2792 1025 2830 o.
1036 2779 1060 2843 4,
1074 2791 1101 2830 n.
1112 2779 1234 2844 lot-1433
1247 2781 1448 2844 Tamburi'ni.

384 2845 499 2912 Dejme
510 2847 661 2912 Abbatom,
674 2851 693 2902 l.
707 2851 731 2914 3,
749 2850 774 2903 d.
788 2853 818 2915 9;
836 2855 993 2921 flotarius
1011 2856 1101 2911 Tlirol.
1116 2873 1185 2911 moi:
1204 2859 1290 2926 repul.
1309 2859 1328 2912 t.
1347 2861 1370 2922 3,
1388 2861 1407 2914 l.
1421 2863 1446 2926 3,

385 2939 407 2976 e.
421 2925 444 2989 3,
457 2927 552 2992 punct.
564 2929 595 2991 3;
614 2929 826 2993 Reitieiistuel,
844 2932 1140 3002 Sebmalaqrueber,
1155 2936 1184 2988 in
1202 2936 1220 2989 l.
1238 2931 1346 2992 3Deei.
1367 2939 1386 2992 t.
1396 2941 1447 3006 373

348 3045 352 3050 .
383 3004 494 3067 Bouiir,
506 3006 546 3060 De
554 3005 620 3072 jure
631 3008 724 3074 Requi.
738 3006 756 3061 t.
772 3009 795 3071 2,
808 3022 832 3075 p.
845 3012 868 3065 5.
885 3024 907 3062 a.
921 3013 943 3072 l,
958 3026 980 3064 o.
991 3012 1006 3063 2
1019 3012 1047 3064 et
1059 3014 1082 3072 3,
1095 3027 1120 3079 p.
1133 3015 1207 3078 9-55;
1221 3008 1242 3068 s.
1257 3017 1279 3079 7,
1288 3031 1314 3084 p.
1327 3016 1448 3080 350-375,

385 3083 488 3146 Melet,
500 3084 711 3152 DeOrdiiiibns,
726 3086 787 3148 eto,
805 3103 831 3140 n.
851 3090 976 3153 iio-itm
994 3092 1072 3157 Fiat,
1086 3094 1302 3158 Proelectiooas,
1315 3096 1376 3159 etc,
1388 3097 1408 3150 t.
1422 3099 1447 3162 2,

367 3160 370 3164 ’
384 3175 409 3228 p.
422 3162 514 3228 2324;
526 3164 667 3232 inpetus
679 3179 697 3218 a
708 3165 883 3231 SS.'Gorde‚
896 3168 1037 3236 Marruuia,
1053 3161 1114 3233 ete,
1127 3171 1146 3223 t.
1159 3171 1183 3234 2,
1194 3185 1220 3238 p.
1239 3171 1358 3226 215-222.

391 3305 481 3397 429.
510 3308 658 3397 Paroehi
687 3309 861 3384 regularis
890 3311 1081 3373 institutio.
1114 3311 1208 3374 Haec
1239 3314 1445 3396 variatpro

351 3406 446 3450 varia
461 3390 642 3468 parochiae
660 3391 835 3467 qualitate.
852 3392 1010 3455 Etenim:

287 3494 290 3499 ·
349 3513 352 3516 -
395 3490 422 3531 1.
440 3469 608 3531 Parocliia
635 3489 707 3531 esse
725 3481 835 3553 potest
861 3473 1025 3557 regularis,
1043 3475 1105 3556 ipsi
1130 3479 1336 3541 monasterio
1365 3499 1443 3541 esse

344 3551 479 3632 perfecto
498 3551 573 3633 jure
601 3553 793 3628 coniuncta.
812 3556 918 3618 Porro
937 3559 1030 3638 plene
1047 3559 1285 3642 incorporatur
1304 3581 1442 3626 monas-

351 3635 436 3696 terio
452 3633 608 3726 paroecia
632 3635 726 3715 cujus
750 3637 876 3701 reditus
889 3643 1090 3722 temporales
1108 3645 1314 3706 monasterio
1330 3644 1442 3706 obtin-

350 3725 434 3796 gunt
460 3722 494 3776 et
513 3719 695 3808 spiritualis
712 3737 794 3780 cura
816 3727 868 3783 est
884 3742 984 3803 penes
1007 3726 1251 3789 monasterium
1279 3734 1442 3807 tanquam

350 3799 536 3889 paroebuin
565 3798 783 3864 habitualem.
822 3805 973 3867 Actualis
1006 3807 1102 3869 istius
1139 3808 1316 3890 paroeciae
1356 3830 1441 3872 cura

350 3881 758 3974 committiturReaulaii,
777 3888 912 3950 nomine
932 3887 1177 3969 Viturii-curati,
1196 3893 1251 3972 qui
1264 3892 1306 3954 ad
1322 3899 1443 3956 nutum

344 3970 400 4026 est
412 3963 611 4057 amombilis.
626 3964 725 4027 Hunc
739 3968 892 4050 designat
904 3972 1081 4034 Praelatus
1099 3975 1306 4052 monasterii,
1317 3976 1443 4037 exami-

348 4052 407 4106 nat
424 4053 534 4106 tamen
562 4067 593 4107 in
622 4049 711 4110 bunc
728 4049 827 4113 finem
851 4060 884 4114 et
900 4056 1065 4137 approbat
1080 4059 1267 4141 Episcopus
1285 4057 1361 4134 loci,
1381 4059 1441 4139 qui
1534 4051 1535 4056 ¹

274 4169 275 4172 κ
348 4127 447 4190 etiam
460 4128 517 4190 tali
530 4129 665 4192 Vicai·io
682 4133 812 4195 confert
827 4133 1049 4201 institutionem
1065 4137 1320 4203 arctioriaabiiem
1337 4140 1362 4205 ¹.

351 4269 706 4280 —-——-.....-——.-—-.

376 4334 384 4368 1
398 4333 482 4387 Haec,
500 4347 571 4394 quae
582 4335 757 4394 distinguitur
772 4337 808 4386 ab
820 4338 990 4389 institutione
998 4345 1116 4391 conlatioa
1127 4345 1200 4401 tituli,
1214 4349 1254 4392 est
1267 4357 1322 4405 qua
1338 4344 1443 4394 elerico

346 4392 381 4438 ad
391 4389 555 4440 beneficium
566 4402 691 4460 curatum
702 4404 826 4454 promoto
837 4400 1017 4448 committitur
1032 4415 1099 4451 cura
1109 4403 1267 4452 animarum
1279 4407 1327 4462 per
1344 4416 1440 4452 sacra-

346 4456 498 4498 mentorum
508 4450 771 4502 administrationem
782 4457 943 4505 exercenda.
