3148 5004
164 646 279 695 Traditio

128 708 248 764 persona

159 1821 261 1874 atarto

130 1886 235 1930 votorum
267 1886 289 1928 rt

121 1937 280 2004 professionis

158 2020 283 2069 Formalis

130 2077 262 2128 distinctio.

150 2513 290 2582 Materialis

131 2577 271 2630 injunctio.

158 3092 216 3140 Sirrr
230 3097 286 3153 pro·

123 3148 235 3210 sessione.

135 3441 284 3502 Antiquitetr

123 3501 285 3560 praestetpro·

122 3555 207 3617 sessio.

154 3763 224 3817 Vota,
236 3775 284 3811 non

127 3825 203 3867 estem
231 3823 285 3877 pro·

121 3875 288 3984 suerii'iirofim

155 4017 287 4080 Prosrssio,

126 4089 175 4124 sorr
221 4083 286 4136 vote,

122 4133 243 4193 postularet

126 4192 287 4254 Ecclesierap·

122 4250 285 4310 probationem

155 4332 263 4382 Divisio.

349 469 408 534 fiii
636 493 838 542 sessonensi.
855 494 950 530 secoro
966 495 1006 530 111.
1023 495 1114 532 cneus
1128 498 1138 532 1

387 630 422 709 b)
437 628 523 693 Cum
539 628 704 692 traditione
718 629 769 692 sui
783 631 817 694 in
833 629 994 695 ditionem
1010 638 1043 694 et
1061 637 1267 715 potestatem
1280 635 1430 700 Instituti

345 712 535 796 approbati.
565 712 691 795 Quare,
721 719 858 795 praeter
894 714 1154 797 promissionem
1184 717 1259 779 Deo
1293 717 1429 798 factam,

346 795 518 877 professus
543 815 632 858 nexu
661 794 885 878 obstringitur
911 795 1028 860 Ordini
1062 799 1116 861 vel
1152 796 1429 880 Congregationi.

345 877 443 961 Quod
465 877 562 941 varia
586 877 714 941 inducit
739 880 952 943 consectaria
973 879 1131 962 juridica,
1157 883 1359 948 nominatim
1377 885 1432 967 jus

344 961 534 1042 quaesitum
550 959 755 1024 monasterio
767 961 800 1024 in
815 981 994 1044 personam
1014 961 1173 1045 professi.

380 1065 599 1124 Professionem
611 1066 695 1138 olim,
710 1066 741 1125 in
751 1067 847 1125 stadio
857 1068 1067 1138 inchoationis,
1080 1066 1170 1126 fuisse
1180 1070 1245 1128 sine
1256 1070 1435 1146 obligatione

343 1159 481 1208 votorum
503 1151 609 1208 saltem
631 1148 812 1223 formalium,
827 1152 1001 1224 praesertim
1026 1153 1221 1226 paupertatis,
1242 1163 1272 1212 et
1289 1155 1434 1212 exstitisse

343 1237 408 1294 sine
427 1235 477 1292 illa
495 1234 652 1292 traditione
660 1252 721 1309 qua
733 1236 801 1309 quis
822 1235 878 1292 sub
891 1235 1014 1294 alterius
1027 1236 1149 1310 speciali
1168 1239 1314 1312 regimine
1326 1239 1435 1296 consti·

343 1320 445 1389 tuitur,
460 1319 532 1376 satis
542 1327 659 1375 constat
671 1335 708 1375 ex
726 1328 886 1392 conspectu
906 1319 1048 1378 historico
1058 1337 1149 1394 quem
1159 1337 1259 1394 supra,
1281 1339 1309 1394 p.
1326 1336 1352 1392 1,
1366 1339 1393 1380 c.
1404 1338 1432 1396 3,

343 1403 491 1460 dedimus.
514 1401 613 1478 Quare
635 1402 725 1459 etiam
736 1403 874 1460 nonnihil
888 1415 1053 1477 temperare
1066 1405 1269 1479 oportetquod
1282 1405 1313 1461 in
1331 1405 1431 1463 medio

344 1505 418 1545 aevo
433 1497 463 1544 et
475 1487 555 1560 apud
573 1487 712 1543 classicos
725 1488 882 1561 scriptores
904 1487 995 1545 nimis
1012 1510 1025 1539 ‹
1040 1505 1060 1546 a
1070 1485 1171 1562 priori
1186 1510 1198 1541 »
1213 1489 1429 1562 proponebatur

344 1581 378 1627 ut
395 1570 432 1627 ad
451 1570 610 1626 essentiam
621 1568 772 1642 pertinens
784 1570 940 1644 religiosae
955 1569 1155 1644 professionis,
1173 1573 1313 1647 pluraque
1325 1589 1430 1630 eorum

343 1673 420 1728 quae
433 1654 607 1712 dicebantur
619 1670 719 1727 presse
734 1655 909 1725 necessaria,
934 1672 987 1728 per
1008 1673 1050 1726 se,
1073 1657 1189 1736 omisso¹
1204 1656 1272 1734 jure
1285 1657 1431 1729 humano,

344 1739 482 1796 habenda
500 1738 598 1812 potius
610 1747 680 1794 sunt
694 1754 746 1811 pro
760 1738 845 1795 valde
861 1740 1001 1811 congruis
1014 1757 1068 1796 seu
1083 1740 1301 1813 pertinentibus
1314 1740 1352 1798 ad
1363 1758 1434 1798 con·

344 1821 511 1880 naturalem
524 1830 619 1878 status
631 1821 832 1878 evolutionem
849 1832 878 1878 et
894 1820 1119 1894 perfectionem.
1228 1887 1232 1894 ¹

381 1909 470 1966 206.
482 1909 657 1978 Quaeras,
670 1900 705 1963 de
713 1901 869 1965 collatione
880 1909 1018 1966 votorum
1028 1902 1255 1980 etprofessioreis
1263 1903 1430 1984 religiosae.

382 2007 407 2049 1.
434 1989 580 2066 Quamvis
599 1989 686 2048 hodie
705 1989 787 2046 nulla
807 1991 844 2046 sit
864 1989 1009 2063 professio
1032 1993 1096 2048 sine
1117 1992 1205 2058 votis,
1220 1990 1312 2047 ambo
1330 2001 1431 2048 tamen

344 2085 415 2132 sunt
426 2075 502 2132 inter
514 2091 545 2131 se
550 2069 728 2152 formaliter
741 2073 889 2144 distincta,
913 2074 955 2131 ita
976 2085 1008 2132 ut
1024 2069 1172 2154 professio
1186 2075 1326 2148 religiosa
1338 2091 1389 2147 per
1400 2091 1432 2132 se

344 2178 426 2218 mere
438 2159 516 2217 dicat
527 2156 744 2216 confessionem
768 2157 834 2234 ejus
851 2158 903 2231 qui
924 2159 1009 2231 ponit
1033 2177 1065 2216 se
1089 2160 1119 2215 in
1140 2159 1245 2218 ordine
1263 2173 1368 2217 eorum
1381 2158 1433 2232 qui

343 2244 528 2304 contendunt
539 2242 577 2300 ad
589 2242 801 2316 perfectionem
824 2242 1004 2300 christianae
1024 2243 1165 2315 caritatis,
1186 2243 1259 2300 dum
1273 2242 1433 2320 conjuncta

343 2333 412 2390 vois
437 2339 508 2387 sunt
531 2327 688 2401 promissio
713 2326 778 2384 Deo
805 2325 882 2385 facta
911 2344 1016 2384 eorum
1041 2345 1119 2402 quae
1147 2327 1184 2385 ad
1219 2326 1431 2400 perfectionem
1467 2396 1472 2402 ⁵

343 2414 486 2487 dirigunt.
1020 2410 1023 2415 ’

380 2495 526 2554 Observes
537 2504 639 2552 autem
655 2511 710 2551 usu
724 2495 825 2551 venire
848 2503 881 2551 ut
900 2491 952 2552 frat
969 2490 1115 2572 professio
1134 2489 1270 2572 ipsorum
1282 2496 1429 2554 voterem.

345 2579 444 2656 Quare
462 2579 551 2636 verba
564 2574 710 2656 professio
730 2574 874 2653 religiosa
895 2579 998 2637 dicunt
1011 2597 1093 2638 nunc
1110 2575 1321 2657 susceptionem
1338 2581 1434 2638 status

343 2658 743 2741 eteonsessionemdefireitee
760 2659 961 2742 rationisque
974 2659 1254 2742 statussuseipitrrr,
1277 2681 1328 2720 seu
1348 2663 1429 2720 modi

343 2766 403 2824 quo
416 2746 619 2824 persequenda
639 2755 684 2804 est
706 2745 868 2819 perfectio:
893 2765 955 2804 non
977 2748 1063 2806 aliter
1080 2748 1154 2804 acsi
1168 2744 1296 2815 fatearis,
1312 2754 1427 2819 praeter

343 2832 398 2889 iter
420 2848 590 2900 romanum,
614 2830 669 2886 iter
690 2830 815 2903 pedibus
837 2832 884 2888 vel
906 2849 984 2906 equo
1007 2831 1054 2888 vel
1078 2848 1166 2888 curru
1186 2829 1363 2899 ineundum,
1377 2845 1431 2886 seu

343 2913 521 2972 confessioni
547 2911 625 2984 finis,
653 2913 818 2972 mediorum
850 2913 1018 2990 conjungas
1049 2912 1282 2972 confessionem.
1313 2909 1429 2986 Itaque,

343 3000 455 3076 paucis,
469 3008 513 3056 est
521 2993 663 3076 susceptio
675 2999 769 3056 statiis
781 2994 918 3076 religiosi
927 3000 983 3076 per
994 2993 1066 3058 haec
1079 3000 1159 3057 voto.

377 3101 406 3143 a.
422 3083 500 3142 Vota
521 3083 658 3158 religiosa
679 3082 770 3140 etiam
793 3082 882 3141 hodie
894 3100 956 3140 non
968 3100 1035 3141 raro
1054 3080 1132 3140 fiunt
1155 3082 1221 3140 sine
1238 3079 1430 3154 professione.

343 3165 388 3224 Ita
409 3167 460 3243 qui
485 3167 516 3224 in
542 3166 643 3224 seculo
666 3174 753 3224 vovet
779 3174 995 3239 paupertatem,
1023 3165 1203 3235 castitatem,
1231 3164 1431 3222 obedientiam

341 3251 539 3325 confessario;
552 3253 600 3310 vel
614 3251 676 3326 qui,
690 3251 830 3321 novitius,
844 3260 914 3308 vota
933 3249 1004 3310 facit
1021 3267 1100 3325 quae
1113 3245 1316 3310 &sationalia
1328 3248 1428 3323 appel·

342 3339 450 3397 lantur.

376 3440 405 3498 3.
419 3422 605 3497 Antiquitate
619 3420 697 3494 prior
710 3427 755 3477 est
767 3417 908 3494 professio
919 3419 1057 3494 religiosa
1067 3419 1138 3493 ipsis
1151 3419 1229 3476 votis
1242 3416 1427 3475 formalibus.

342 3505 440 3579 Magis
460 3506 541 3562 enim
563 3503 601 3561 ad
623 3503 810 3561 sanctitatem
833 3502 984 3562 Ecclesiae
1007 3504 1135 3575 pertinet
1153 3519 1272 3576 semper
1289 3501 1430 3558 habuisse

341 3591 393 3664 qui
406 3587 613 3664 profiterentur
633 3603 665 3644 se
686 3587 791 3644 sectari
812 3587 988 3660 religionem
1003 3586 1207 3662 perfectiorem
1221 3603 1274 3644 seu
1289 3585 1429 3644 sanctita·

342 3681 414 3743 tem,
428 3689 520 3746 quarn
534 3671 586 3744 qui
608 3669 664 3726 hac
684 3669 807 3728 definita
828 3670 943 3728 ratione
961 3681 1099 3729 votorum
1114 3669 1286 3728 formalium
1299 3669 1338 3727 ad
1348 3669 1430 3743 ,hanc

341 3755 529 3812 sanctitatem
542 3755 716 3811 niterentur.

375 3855 404 3912 4.
427 3836 506 3895 Vota
526 3834 604 3893 fiunt
625 3835 691 3894 Deo
712 3844 831 3893 tantum
842 3853 851 3908 ;
875 3836 1018 3910 professio
1041 3837 1175 3895 continet
1198 3836 1427 3911 promissionem

341 3917 450 3978 factam
466 3919 616 3977 Ecclesiae
631 3930 751 3993 ratque,
766 3913 910 3978 hodierno
921 3920 999 3998 jure,
1014 3918 1137 3979 definito
1148 3919 1298 3979 Instituto.

376 4018 404 4079 5.
419 4003 497 4063 Vota
508 4004 647 4062 exsistere
665 4004 768 4061 valent
788 4004 853 4060 sine
874 4021 997 4070 assensu
1016 4003 1179 4062 Ecclesiae.
1200 4002 1348 4061 Professio
1360 4019 1424 4078 per·

341 4086 468 4146 ficienda
479 4097 523 4146 est
536 4088 637 4161 aliqua
651 4086 802 4144 Ecclesiae
815 4087 1033 4161 acceptatione.

381 4176 472 4242 207.
494 4173 664 4239 Professio
686 4173 843 4254 religiosa
864 4181 917 4235 est
944 4194 972 4236 1.
988 4173 1132 4251 Perfecta
1154 4175 1208 4237 vel
1233 4172 1421 4256 imperfecta,

339 4266 440 4401 prout
455 4259 529 4341 plus
545 4260 599 4321 vel
614 4256 723 4319 minus
739 4256 886 4337 perfecte
909 4257 1094 4320 assumitur
1109 4263 1220 4321 status
1236 4256 1423 4342 religiosus.

338 4373 341 4378 ν
367 4358 447 4402 orro
458 4360 479 4401 a
490 4339 639 4422 perfecta
651 4338 782 4401 ratione
794 4337 937 4400 deficere
950 4345 1061 4420 potest
1075 4340 1249 4421 professio,
1264 4345 1337 4401 tum
1349 4337 1427 4420 quia

339 4421 448 4483 minus
474 4420 621 4505 perfecte
643 4427 840 4502 acceptatur
863 4418 1027 4500 professio
1049 4423 1092 4485 ab
1109 4423 1264 4486 Ecclesia
1279 4441 1286 4500 ;
1304 4427 1338 4485 et
1360 4425 1424 4484 hoc
