3138 5014
158 799 307 845 Procurator

146 855 278 914 generalis:

158 939 307 985 Procurator

148 996 229 1043 domus
240 995 274 1042 orl

144 1055 292 1114 provinciae.

177 1137 223 1188 Jus
241 1141 307 1194 penes

148 1194 177 1241 S.
203 1191 307 1252 Pontifi-

148 1265 194 1300 cem
211 1253 307 1298 institu-

149 1309 204 1377 andi
237 1310 307 1368 Supr-

149 1381 234 1414 riores.

178 1450 219 1496 An
230 1447 308 1495 similo

149 1511 261 1565 competat

149 1564 284 1624 Episcopo?

171 1697 309 1759 Superioris

149 1754 308 1858 pnpc'cmt'elrc·

161 1828 193 1860 co.

178 1895 271 1942 Formo

148 1954 271 2001 scrutinii.

179 2129 242 2191 Quid
253 2129 281 2176 dr

150 2190 308 2248 quasi-iuspu'·
344 2190 350 2198 ’

149 2249 243 2294 ratione
252 2247 286 2294 uei

150 2307 300 2364 compromis-

150 2363 196 2409 so?

180 2721 301 2767 Personae

153 2777 240 2826 tractus
267 2781 293 2825 iu

152 2836 283 2903 Ordinibus

152 2907 267 2950 ocrorrcm,

181 3647 251 3707 Apud
258 3648 311 3694 Mo·

153 3707 237 3762 riiolcs,

364 462 424 524 tlt}
752 479 819 515 nnus
834 478 928 514 sexus.
946 479 1037 515 eurus
1052 479 1072 514 11

362 617 442 680 tatis
464 615 701 693 dominativae,
730 615 776 678 ita
802 620 838 675 ut
864 615 897 677 in
924 613 1162 697 Superioribus
1185 612 1303 678 referri
1329 613 1450 696 possit.

364 699 594 763 Conferendae
609 705 787 780 praeterea
803 704 883 759 sunt
899 699 1054 780 propriae
1071 697 1352 761 Constitutiones.

404 805 434 863 3.
448 784 499 845 Ad
512 783 647 863 negotia
658 780 809 844 Instituti
822 781 910 864 apud
926 781 961 845 S.
976 780 1097 844 Sedem
1111 781 1253 861 agenda,
1268 780 1451 862 deputatur

362 867 553 929 Procurator
565 863 732 948 generalis.

403 972 434 1030 4.
452 949 512 1010 Res
521 946 698 1028 familiaris
713 947 890 1010 domorum
905 947 959 1009 vel
981 946 1175 1030 provinciae
1191 945 1341 1025 gerenda
1361 963 1450 1008 com-

362 1031 507 1094 mittitur
522 1030 778 1093 Procuratoribus
794 1051 852 1092 seu
868 1029 1053 1093 Praefectis
1070 1029 1301 1092 oeconomiae.

372 1119 374 1123 ’
403 1116 493 1180 414.
524 1114 583 1177 ΙΙΙ.
613 1115 847 1193 Superiorum
882 1113 1116 1176 Constitutio.
1153 1134 1181 1175 1.
1208 1111 1269 1194 Jus
1300 1110 1387 1173 inest
1417 1109 1449 1172 in

364 1196 400 1259 S.
431 1196 593 1259 Pontifice
623 1215 738 1258 omnes
761 1196 887 1259 directe
920 1194 1114 1257 instituendi
1148 1193 1347 1274 Superiores
1381 1198 1451 1259 tarn

364 1278 526 1342 Ordinum
543 1298 642 1359 quam
662 1279 886 1360 quorumlibet
901 1279 1137 1341 Institutorutn
1151 1276 1397 1356 religiosorum.
1413 1276 1450 1338 Id

364 1361 428 1424 fert
454 1381 609 1443 suprema
635 1361 707 1443 ejus
734 1368 768 1422 et
795 1362 995 1424 universalis
1017 1358 1220 1443 jurisdictio,
1249 1364 1351 1438 atque
1378 1358 1451 1440 ipso

364 1445 615 1506 demonstratur
641 1463 716 1504 usu.
740 1443 928 1525 Episcopus
946 1449 1058 1505 autem
1081 1461 1148 1504 non
1172 1441 1263 1503 valet
1279 1445 1335 1523 por
1349 1461 1391 1518 so,
1409 1461 1451 1503 ne

365 1526 553 1589 dioecesani
569 1525 701 1606 quidem
716 1526 877 1603 Instituti,
895 1527 1071 1606 designare
1087 1523 1298 1606 Superiores.
1316 1522 1355 1588 C.
1369 1524 1449 1587 Con-

365 1609 446 1670 ditor
467 1630 487 1669 a
502 1607 686 1686 Christ0,·c.
706 1631 733 1685 1,
752 1628 785 1670 n.
799 1625 874 1672 VIII.

406 1713 436 1753 2.
453 1690 628 1773 Superiores
649 1690 784 1772 supremi
805 1690 1058 1754 constituuntur
1071 1692 1127 1770 per
1144 1687 1317 1752 electionem
1333 1689 1450 1771 cupitu-

364 1772 471 1836 loreac.
496 1777 528 1851 a)
555 1773 676 1836 Secreto
698 1772 877 1854 exiguntur
899 1771 1072 1854 suffragia.
1093 1773 1145 1834 Ita
1170 1771 1207 1833 C.
1232 1771 1326 1835 Trid.
1350 1792 1378 1836 e.
1396 1791 1447 1852 25,

365 1877 395 1919 c.
409 1863 438 1934 6,
455 1857 501 1920 Dc
515 1857 594 1938 ch.
609 1856 770 1939 disposuit
786 1857 826 1920 de
852 1856 1076 1938 Regularibus
1100 1865 1134 1917 et
1156 1854 1357 1918 Monialibus
1380 1875 1451 1918 res·

365 1941 463 2003 triete
480 1940 618 2016 talibus3
632 1939 718 2001 idem
732 1958 815 2001 vero
828 1940 867 2001 de
879 1938 1046 2001 Institutis
1069 1942 1227 2000 votorum
1249 1937 1447 2021 simplicium

366 2041 485 2085 cavere
500 2024 608 2084 solent
620 2021 828 2104 approbatae
842 2021 1120 2085 Constitutiones

400 2127 499 2204 Quare
518 2144 583 2183 non
607 2126 722 2184 videtur
744 2127 812 2200 eligi
835 2144 921 2205 posse
947 2126 1100 2184 Praelatus
1125 2125 1264 2184 omnium
1290 2126 1443 2184 communi

364 2212 494 2269 clamore
513 2219 602 2284 atque
623 2226 756 2280 assensu,
780 2227 845 2281 seu,
871 2219 903 2266 ut
923 2210 1009 2266 aiunt
1035 2215 1086 2282 pe'r
1107 2205 1448 2289 qiuari-inspirationem.

365 2296 492 2353 Formae
510 2312 587 2368 quae
608 2293 715 2351 dicitur
737 2289 985 2373 compromissum
1007 2294 1085 2351 hanc
1108 2295 1277 2351 concedunt
1297 2295 1452 2368 scriptores

365 2381 522 2450 rationem,
546 2394 605 2450 qua
631 2395 710 2434 unus
731 2379 777 2435 vel
802 2379 899 2451 pauci,
927 2373 1065 2434 omnium
1087 2395 1247 2449 consensu,
1272 2378 1454 2451 deputentur

365 2461 617 2534 compromissarii
631 2462 682 2535 qui
701 2478 763 2518 non
782 2462 894 2534 eligant
912 2461 1045 2533 quidem,
1060 2460 1121 2532 sed,
1142 2470 1244 2533 rogata
1259 2470 1371 2518 secreto
1391 2462 1459 2518 sin«

365 2546 502 2619 gulorum
523 2546 679 2612 sententia,
701 2544 829 2601 electum
850 2545 1048 2616 pronuncient
1060 2545 1111 2619 qui
1130 2544 1286 2603 obtinuerit
1307 2541 1449 2616 suffragia

366 2629 487 2704 majoris
505 2638 534 2683 et
552 2627 676 2683 sanioris
695 2628 795 2700 partis.
816 2627 878 2685 Clr.
898 2628 973 2698 Piat,
995 2647 1014 2698 1,
1036 2645 1100 2703 497.

408 2727 441 2803 b)
457 2724 553 2808 Quod
570 2724 612 2786 ad
627 2722 753 2804 nabiles,
767 2726 800 2788 in
813 2725 982 2789 Ordinibus
997 2725 1146 2806 uirorum,
1170 2723 1326 2806 eligendus
1354 2723 1455 2787 debet

366 2829 440 2871 esse
455 2806 632 2871 Professus
648 2807 796 2889 ejusdem
813 2808 950 2886 ordinis,
968 2828 1006 2890 25
1020 2829 1127 2873 annos
1144 2810 1320 2874 inchoatos
1337 2816 1451 2884 natus,
1550 2829 1551 2841 ³

367 2894 458 2955 nulla
473 2909 616 2952 censura
628 2898 687 2952 aut
699 2891 949 2972 irregularitate
961 2891 1113 2955 irretitus
1128 2912 1189 2956 nec
1202 2891 1356 2976 privatus
1370 2909 1454 2952 voce

366 2975 512 3058 passiva.
530 2973 677 3035 Possunt
699 2982 812 3038 tamen
834 2976 996 3037 electores
1013 2976 1193 3039 convenire
1209 2975 1243 3038 in
1256 2973 1453 3038 Professum

367 3055 504 3119 alterius
540 3055 784 3120 Ordinis-Sed
820 3063 901 3119 tunc
931 3059 1157 3139 exquirendus
1187 3062 1239 3120 est
1268 3075 1455 3120 consensus

367 3138 556 3284 Supperioris
572 3139 668 3201 istius
684 3140 793 3219 electi,
810 3159 870 3221 per
886 3146 999 3202 actum
1021 3140 1077 3221 qui
1093 3141 1215 3205 dicitur
1230 3137 1360 3222 sincplen
1375 3141 1455 3202 Pos-

367 3222 490 3285 incutio.
1110 3231 1115 3240 “

407 3307 546 3369 Electus
562 3304 765 3385 regulariter
782 3304 880 3369 debet
896 3305 1089 3370 confirmari
1110 3306 1152 3369 ab
1169 3306 1205 3370 S.
1222 3305 1401 3384 Pontifice;
1420 3311 1455 3366 et

367 3387 546 3468 aliquando
562 3395 614 3448 est
629 3387 889 3471 benedicendus
1228 3457 1233 3460 a

407 3473 488 3535 Post
503 3469 762 3549 confirmationem
779 3476 910 3534 tautum
933 3472 1035 3534 habet
1058 3471 1115 3554 jus
1138 3471 1172 3535 in
1199 3490 1235 3533 re
1262 3477 1296 3534 et
1324 3470 1455 3533 tollitur
1520 3535 1522 3540 ,

366 3555 588 3617 Praelaturae
603 3552 750 3616 vacatio

407 3635 504 3718 Apud
526 3633 689 3712 Montius,
715 3655 755 3697 ex
778 3635 818 3700 C.
840 3635 948 3718 Trio„
976 3659 1003 3702 s.
1021 3657 1072 3719 25,
1088 3639 1138 3701 Dc
1152 3635 1252 3720 regul.
1271 3657 1302 3701 c.
1319 3657 1350 3715 7,
1368 3655 1456 3719 opus

367 3727 418 3780 est
434 3725 471 3778 ut
487 3716 667 3779 Abbatissa
690 3737 757 3780 non
780 3719 824 3780 sit
839 3721 948 3784 minor
963 3742 1004 3804 40
1020 3721 1117 3783 annis
1141 3720 1342 3802 (completis)
1360 3726 1394 3780 et
1410 3718 1456 3780 ab

367 3808 445 3862 octo
461 3801 557 3860 annis
573 3799 736 3880 professa.
754 3802 851 3884 Quod
867 3803 894 3864 si
909 3804 981 3868 fieri
997 3812 1155 3884 nequeat,
1173 3803 1319 3883 eligatur
1333 3802 1456 3862 saltem

366 3902 452 3963 quae
475 3881 614 3961 triginta
636 3883 817 3945 excesserit
839 3905 945 3948 annos
968 3893 1001 3948 et
1017 3908 1038 3948 a
1054 3886 1200 3967 quinque
1217 3885 1336 3946 saltem
1354 3881 1456 3944 annis
1544 3891 1545 3896 ’

366 3965 399 4026 in
422 3963 630 4046 professione
646 3966 858 4029 laudabiliter
874 3975 1078 4032 conversata
1101 3971 1156 4030 sit.
1174 3966 1305 4029 Electio
1330 3965 1456 4027 confir-

367 4047 488 4109 manda
504 4054 554 4112 est
569 4067 589 4108 a
604 4048 762 4111 Praelato
778 4050 830 4111 cui
848 4052 1002 4114 subditur
1018 4049 1262 4113 Monasterium
1279 4049 1301 4126 ¹,
1321 4047 1385 4110 nisi
1412 4067 1455 4110 ex
1543 4081 1544 4093 .

368 4130 610 4193 consuetudine
624 4130 835 4194 existimetur
851 4134 923 4218 ipso
939 4133 1087 4197 Praelati
1105 4133 1239 4195 silentio
1253 4131 1355 4194 tacite
1372 4149 1455 4192 con·

396 4403 404 4436 1
417 4400 448 4447 Id
457 4405 505 4455 est,
518 4415 566 4458 pro
576 4399 736 4448 condicione
749 4401 919 4460 Menestam,
932 4417 947 4450 a
959 4403 986 4452 S.
997 4401 1142 4454 Pontifice.
1155 4398 1316 4457 Ordinatio,
1328 4395 1458 4445 Praelato
1541 4381 1542 4392 ¹

367 4457 448 4517 primi
461 4458 578 4506 Ordinis.
