<?xml version="1.0" encoding="UTF-8"?>
<!DOCTYPE html PUBLIC "-//W3C//DTD XHTML 1.0 Transitional//EN"
    "http://www.w3.org/TR/xhtml1/DTD/xhtml1-transitional.dtd">
<html xmlns="http://www.w3.org/1999/xhtml" xml:lang="en" lang="en">
 <head>
  <title>
</title>
<meta http-equiv="Content-Type" content="text/html;charset=utf-8" />
  <meta name='ocr-system' content='tesseract 3.04.00' />
  <meta name='ocr-capabilities' content='ocr_page ocr_carea ocr_par ocr_line ocrx_word'/>
</head>
<body>
  <div class='ocr_page' id='page_1' title='image "./dereligiosisins00vermgoog_0059.png"; bbox 0 0 3148 5004; ppageno 0'>
   <div class='ocr_carea' id='block_1_1' title="bbox 157 1491 320 1711">
    <p class='ocr_par' dir='ltr' id='par_1_1' title="bbox 157 1491 320 1711">
     <span class='ocr_line' id='line_1_1' title="bbox 188 1491 320 1549; baseline -0.015 -13"><span class='ocrx_word' id='word_1_1' title='bbox 188 1491 320 1549; x_wconf 65' lang='lat' dir='ltr'>Argumen-</span> 
     </span>
     <span class='ocr_line' id='line_1_2' title="bbox 159 1551 320 1608; baseline 0.019 -16"><span class='ocrx_word' id='word_1_2' title='bbox 159 1551 208 1593; x_wconf 82' lang='lat' dir='ltr'>tum</span> <span class='ocrx_word' id='word_1_3' title='bbox 224 1562 271 1594; x_wconf 82' lang='lat' dir='ltr'>non</span> <span class='ocrx_word' id='word_1_4' title='bbox 277 1553 320 1608; x_wconf 81' lang='lat' dir='ltr'>po·</span> 
     </span>
     <span class='ocr_line' id='line_1_3' title="bbox 159 1608 262 1652; baseline 0.019 -2"><span class='ocrx_word' id='word_1_5' title='bbox 159 1610 202 1650; x_wconf 80' lang='lat' dir='ltr'>test</span> <span class='ocrx_word' id='word_1_6' title='bbox 212 1608 262 1652; x_wconf 83' lang='lat' dir='ltr'>nisi</span> 
     </span>
     <span class='ocr_line' id='line_1_4' title="bbox 157 1662 309 1711; baseline 0.02 -3"><span class='ocrx_word' id='word_1_7' title='bbox 157 1662 309 1711; x_wconf 81' lang='lat' dir='ltr'>adumbrari.</span> 
     </span>
    </p>
   </div>
   <div class='ocr_carea' id='block_1_2' title="bbox 110 2481 319 2664">
    <p class='ocr_par' dir='ltr' id='par_1_2' title="bbox 110 2481 319 2664">
     <span class='ocr_line' id='line_1_5' title="bbox 110 2481 319 2540; baseline 0.019 -14"><span class='ocrx_word' id='word_1_8' title='bbox 110 2521 112 2526; x_wconf 80' lang='grc'><strong>,</strong></span> <span class='ocrx_word' id='word_1_9' title='bbox 178 2481 319 2540; x_wconf 77' lang='lat' dir='ltr'>Decollegi&#39;o</span> 
     </span>
     <span class='ocr_line' id='line_1_6' title="bbox 159 2541 286 2599; baseline 0 -13"><span class='ocrx_word' id='word_1_10' title='bbox 159 2541 286 2599; x_wconf 80' lang='lat' dir='ltr'>Apostolo-</span> 
     </span>
     <span class='ocr_line' id='line_1_7' title="bbox 160 2613 217 2664; baseline 0.053 -22"><span class='ocrx_word' id='word_1_11' title='bbox 160 2613 217 2664; x_wconf 67' lang='lat' dir='ltr'>rum.</span> 
     </span>
    </p>
   </div>
   <div class='ocr_carea' id='block_1_3' title="bbox 125 3146 318 3310">
    <p class='ocr_par' dir='ltr' id='par_1_3' title="bbox 125 3146 318 3310">
     <span class='ocr_line' id='line_1_8' title="bbox 189 3146 318 3205; baseline 0.008 -13"><span class='ocrx_word' id='word_1_12' title='bbox 189 3146 226 3192; x_wconf 83' lang='lat' dir='ltr'>De</span> <span class='ocrx_word' id='word_1_13' title='bbox 242 3148 318 3205; x_wconf 80' lang='lat' dir='ltr'>uirgi-</span> 
     </span>
     <span class='ocr_line' id='line_1_9' title="bbox 125 3206 259 3272; baseline 0 -22"><span class='ocrx_word' id='word_1_14' title='bbox 125 3220 127 3227; x_wconf 72' lang='grc'><em>’</em></span> <span class='ocrx_word' id='word_1_15' title='bbox 160 3206 231 3272; x_wconf 69' lang='lat' dir='ltr'>aridas</span> <span class='ocrx_word' id='word_1_16' title='bbox 239 3210 259 3250; x_wconf 83' lang='lat' dir='ltr'>et</span> 
     </span>
     <span class='ocr_line' id='line_1_10' title="bbox 155 3270 252 3310; baseline 0.01 -1"><span class='ocrx_word' id='word_1_17' title='bbox 155 3270 252 3310; x_wconf 77' lang='lat' dir='ltr'>ascetis.</span> 
     </span>
    </p>
   </div>
   <div class='ocr_carea' id='block_1_4' title="bbox 377 537 1127 606">
    <p class='ocr_par' dir='ltr' id='par_1_4' title="bbox 377 537 1127 606">
     <span class='ocr_line' id='line_1_11' title="bbox 377 537 1127 606; baseline -0.012 -2"><span class='ocrx_word' id='word_1_18' title='bbox 377 537 417 604; x_wconf 58' lang='lat' dir='ltr'>ii</span> <span class='ocrx_word' id='word_1_19' title='bbox 496 550 498 555; x_wconf 85' lang='lat'>&#39;</span> <span class='ocrx_word' id='word_1_20' title='bbox 585 589 587 597; x_wconf 67' lang='grc'><strong>,</strong></span> <span class='ocrx_word' id='word_1_21' title='bbox 610 589 611 592; x_wconf 66' lang='lat'>,</span> <span class='ocrx_word' id='word_1_22' title='bbox 756 562 823 597; x_wconf 79' lang='lat' dir='ltr'>raas</span> <span class='ocrx_word' id='word_1_23' title='bbox 838 561 934 606; x_wconf 75' lang='grc' dir='ltr'><strong>ιιιιιιι,</strong></span> <span class='ocrx_word' id='word_1_24' title='bbox 952 562 1042 606; x_wconf 76' lang='lat' dir='ltr'>carun·</span> <span class='ocrx_word' id='word_1_25' title='bbox 1056 558 1087 596; x_wconf 91' lang='grc' dir='ltr'>ιιι</span> <span class='ocrx_word' id='word_1_26' title='bbox 1104 585 1107 590; x_wconf 96' lang='grc'>.</span> <span class='ocrx_word' id='word_1_27' title='bbox 1125 585 1127 590; x_wconf 96' lang='grc'>.</span> 
     </span>
    </p>
   </div>
   <div class='ocr_carea' id='block_1_5' title="bbox 373 697 1461 1192">
    <p class='ocr_par' dir='ltr' id='par_1_5' title="bbox 373 697 1461 1192">
     <span class='ocr_line' id='line_1_12' title="bbox 418 697 1460 779; baseline 0.001 -19"><span class='ocrx_word' id='word_1_28' title='bbox 418 697 674 760; x_wconf 65' lang='lat' dir='ltr'>Observandum</span> <span class='ocrx_word' id='word_1_29' title='bbox 690 697 831 778; x_wconf 91' lang='lat' dir='ltr'>denique</span> <span class='ocrx_word' id='word_1_30' title='bbox 843 704 895 759; x_wconf 89' lang='lat' dir='ltr'>est</span> <span class='ocrx_word' id='word_1_31' title='bbox 907 698 1019 759; x_wconf 86' lang='lat' dir='ltr'>varias</span> <span class='ocrx_word' id='word_1_32' title='bbox 1033 697 1232 779; x_wconf 84' lang='lat' dir='ltr'>religionum</span> <span class='ocrx_word' id='word_1_33' title='bbox 1248 698 1376 762; x_wconf 83' lang='lat' dir='ltr'>formas</span> <span class='ocrx_word' id='word_1_34' title='bbox 1391 718 1460 761; x_wconf 90' lang='lat' dir='ltr'>non</span> 
     </span>
     <span class='ocr_line' id='line_1_13' title="bbox 373 777 1460 863; baseline 0 -21"><span class='ocrx_word' id='word_1_35' title='bbox 373 786 515 863; x_wconf 89' lang='lat' dir='ltr'>repente</span> <span class='ocrx_word' id='word_1_36' title='bbox 542 789 574 841; x_wconf 90' lang='lat' dir='ltr'>et</span> <span class='ocrx_word' id='word_1_37' title='bbox 601 779 696 860; x_wconf 83' lang='lat' dir='ltr'>quasi</span> <span class='ocrx_word' id='word_1_38' title='bbox 720 777 809 842; x_wconf 86' lang='lat' dir='ltr'>totas</span> <span class='ocrx_word' id='word_1_39' title='bbox 833 780 929 848; x_wconf 89' lang='lat' dir='ltr'>simul</span> <span class='ocrx_word' id='word_1_40' title='bbox 952 801 1021 842; x_wconf 90' lang='lat' dir='ltr'>uno</span> <span class='ocrx_word' id='word_1_41' title='bbox 1047 789 1217 858; x_wconf 84' lang='lat' dir='ltr'>momento</span> <span class='ocrx_word' id='word_1_42' title='bbox 1244 801 1318 843; x_wconf 90' lang='lat' dir='ltr'>esse</span> <span class='ocrx_word' id='word_1_43' title='bbox 1343 801 1371 851; x_wconf 85' lang='lat' dir='ltr'>a.</span> <span class='ocrx_word' id='word_1_44' title='bbox 1386 782 1460 843; x_wconf 88' lang='lat' dir='ltr'>Deo</span> 
     </span>
     <span class='ocr_line' id='line_1_14' title="bbox 377 861 1457 929; baseline -0.002 -3"><span class='ocrx_word' id='word_1_45' title='bbox 377 867 545 929; x_wconf 85' lang='lat' dir='ltr'>revelatas</span> <span class='ocrx_word' id='word_1_46' title='bbox 561 867 615 925; x_wconf 85' lang='lat' dir='ltr'>vel</span> <span class='ocrx_word' id='word_1_47' title='bbox 637 864 785 925; x_wconf 87' lang='lat' dir='ltr'>humana</span> <span class='ocrx_word' id='word_1_48' title='bbox 801 861 955 925; x_wconf 89' lang='lat' dir='ltr'>inventas</span> <span class='ocrx_word' id='word_1_49' title='bbox 973 864 1159 926; x_wconf 89' lang='lat' dir='ltr'>industria:</span> <span class='ocrx_word' id='word_1_50' title='bbox 1177 863 1273 926; x_wconf 86' lang='lat' dir='ltr'>suavi</span> <span class='ocrx_word' id='word_1_51' title='bbox 1291 865 1378 928; x_wconf 87' lang='lat' dir='ltr'>enirn</span> <span class='ocrx_word' id='word_1_52' title='bbox 1394 863 1457 926; x_wconf 83' lang='lat' dir='ltr'>Dei</span> 
     </span>
     <span class='ocr_line' id='line_1_15' title="bbox 376 945 1461 1028; baseline 0.001 -21"><span class='ocrx_word' id='word_1_53' title='bbox 376 947 589 1027; x_wconf 71' lang='lat' dir='ltr'>prouidentia</span> <span class='ocrx_word' id='word_1_54' title='bbox 618 955 696 1008; x_wconf 93' lang='lat' dir='ltr'>sunt</span> <span class='ocrx_word' id='word_1_55' title='bbox 718 947 842 1008; x_wconf 87' lang='lat' dir='ltr'>sensim</span> <span class='ocrx_word' id='word_1_56' title='bbox 872 945 944 1008; x_wconf 91' lang='lat' dir='ltr'>sine</span> <span class='ocrx_word' id='word_1_57' title='bbox 969 965 1070 1008; x_wconf 91' lang='lat' dir='ltr'>sensu</span> <span class='ocrx_word' id='word_1_58' title='bbox 1094 954 1328 1028; x_wconf 81' lang='lat' dir='ltr'>praeparatae,</span> <span class='ocrx_word' id='word_1_59' title='bbox 1354 947 1461 1008; x_wconf 88' lang='lat' dir='ltr'>donec</span> 
     </span>
     <span class='ocr_line' id='line_1_16' title="bbox 376 1028 1461 1111; baseline 0 -21"><span class='ocrx_word' id='word_1_60' title='bbox 376 1040 540 1111; x_wconf 90' lang='lat' dir='ltr'>tempore,</span> <span class='ocrx_word' id='word_1_61' title='bbox 564 1028 731 1110; x_wconf 85' lang='lat' dir='ltr'>adjunctis</span> <span class='ocrx_word' id='word_1_62' title='bbox 744 1028 890 1111; x_wconf 89' lang='lat' dir='ltr'>ipsisque</span> <span class='ocrx_word' id='word_1_63' title='bbox 913 1029 1151 1110; x_wconf 84' lang='lat' dir='ltr'>experimentis</span> <span class='ocrx_word' id='word_1_64' title='bbox 1179 1036 1383 1108; x_wconf 74' lang='lat' dir='ltr'>maturatae,</span> <span class='ocrx_word' id='word_1_65' title='bbox 1402 1048 1461 1110; x_wconf 92' lang='lat' dir='ltr'>op-</span> 
     </span>
     <span class='ocr_line' id='line_1_17' title="bbox 376 1109 1389 1192; baseline -0.001 -19"><span class='ocrx_word' id='word_1_66' title='bbox 376 1120 520 1192; x_wconf 90' lang='lat' dir='ltr'>portune</span> <span class='ocrx_word' id='word_1_67' title='bbox 537 1110 753 1173; x_wconf 85' lang='lat' dir='ltr'>oborirentur</span> <span class='ocrx_word' id='word_1_68' title='bbox 768 1119 802 1172; x_wconf 92' lang='lat' dir='ltr'>et</span> <span class='ocrx_word' id='word_1_69' title='bbox 817 1109 993 1173; x_wconf 87' lang='lat' dir='ltr'>florerent.</span> <span class='ocrx_word' id='word_1_70' title='bbox 1386 1131 1389 1143; x_wconf 87' lang='grc'>··</span> 
     </span>
    </p>
   </div>
   <div class='ocr_carea' id='block_1_6' title="bbox 419 1275 1352 1384">
    <p class='ocr_par' dir='ltr' id='par_1_6' title="bbox 419 1275 1352 1384">
     <span class='ocr_line' id='line_1_18' title="bbox 419 1275 1352 1384; baseline 0.001 -28"><span class='ocrx_word' id='word_1_71' title='bbox 419 1380 421 1384; x_wconf 16' lang='grc' dir='ltr'>Ι</span> <span class='ocrx_word' id='word_1_72' title='bbox 485 1285 500 1373; x_wconf 81' lang='lat'>§</span> <span class='ocrx_word' id='word_1_73' title='bbox 527 1302 564 1356; x_wconf 88' lang='lat'>2.</span> <span class='ocrx_word' id='word_1_74' title='bbox 594 1277 663 1356; x_wconf 78' lang='lat' dir='ltr'>De</span> <span class='ocrx_word' id='word_1_75' title='bbox 687 1275 800 1356; x_wconf 81' lang='lat' dir='ltr'>vilae</span> <span class='ocrx_word' id='word_1_76' title='bbox 826 1276 1054 1383; x_wconf 78' lang='lat' dir='ltr'>religiosae</span> <span class='ocrx_word' id='word_1_77' title='bbox 1073 1276 1352 1382; x_wconf 47' lang='lat' dir='ltr'>primmdum</span> 
     </span>
    </p>
   </div>
   <div class='ocr_carea' id='block_1_7' title="bbox 373 1468 1553 2788">
    <p class='ocr_par' dir='ltr' id='par_1_7' title="bbox 373 1468 1459 2212">
     <span class='ocr_line' id='line_1_19' title="bbox 417 1468 1459 1551; baseline -0.002 -17"><span class='ocrx_word' id='word_1_78' title='bbox 417 1471 478 1534; x_wconf 82' lang='lat'>38.</span> <span class='ocrx_word' id='word_1_79' title='bbox 496 1470 565 1530; x_wconf 93' lang='lat' dir='ltr'>Nec</span> <span class='ocrx_word' id='word_1_80' title='bbox 578 1469 752 1530; x_wconf 90' lang='lat' dir='ltr'>consilium</span> <span class='ocrx_word' id='word_1_81' title='bbox 769 1468 832 1545; x_wconf 86' lang='lat' dir='ltr'>est,</span> <span class='ocrx_word' id='word_1_82' title='bbox 848 1489 921 1545; x_wconf 93' lang='lat' dir='ltr'>nec,</span> <span class='ocrx_word' id='word_1_83' title='bbox 937 1478 974 1531; x_wconf 88' lang='lat' dir='ltr'>ut</span> <span class='ocrx_word' id='word_1_84' title='bbox 990 1469 1023 1531; x_wconf 91' lang='lat' dir='ltr'>in</span> <span class='ocrx_word' id='word_1_85' title='bbox 1037 1490 1071 1531; x_wconf 94' lang='lat' dir='ltr'>re</span> <span class='ocrx_word' id='word_1_86' title='bbox 1086 1471 1196 1532; x_wconf 87' lang='lat' dir='ltr'>adbuc</span> <span class='ocrx_word' id='word_1_87' title='bbox 1213 1487 1331 1550; x_wconf 90' lang='lat' dir='ltr'>parum</span> <span class='ocrx_word' id='word_1_88' title='bbox 1348 1471 1459 1551; x_wconf 79' lang='lat' dir='ltr'>explo-</span> 
     </span>
     <span class='ocr_line' id='line_1_20' title="bbox 375 1549 1453 1634; baseline 0.001 -21"><span class='ocrx_word' id='word_1_89' title='bbox 375 1559 461 1627; x_wconf 89' lang='lat' dir='ltr'>rata,</span> <span class='ocrx_word' id='word_1_90' title='bbox 476 1552 531 1615; x_wconf 90' lang='lat' dir='ltr'>via</span> <span class='ocrx_word' id='word_1_91' title='bbox 543 1549 689 1632; x_wconf 87' lang='lat' dir='ltr'>suppetit</span> <span class='ocrx_word' id='word_1_92' title='bbox 701 1558 841 1614; x_wconf 76' lang='lat' dir='ltr'>accurate</span> <span class='ocrx_word' id='word_1_93' title='bbox 853 1549 1072 1634; x_wconf 87' lang='lat' dir='ltr'>persequendi</span> <span class='ocrx_word' id='word_1_94' title='bbox 1086 1553 1287 1632; x_wconf 80' lang='lat' dir='ltr'>quibusnam</span> <span class='ocrx_word' id='word_1_95' title='bbox 1301 1552 1453 1630; x_wconf 85' lang='lat' dir='ltr'>exordiis,</span> 
     </span>
     <span class='ocr_line' id='line_1_21' title="bbox 375 1633 1455 1716; baseline 0.002 -20"><span class='ocrx_word' id='word_1_96' title='bbox 375 1634 574 1714; x_wconf 89' lang='lat' dir='ltr'>quibusnam</span> <span class='ocrx_word' id='word_1_97' title='bbox 602 1634 893 1716; x_wconf 82' lang='lat' dir='ltr'>progressionibus</span> <span class='ocrx_word' id='word_1_98' title='bbox 910 1643 1110 1716; x_wconf 85' lang='lat' dir='ltr'>perventum</span> <span class='ocrx_word' id='word_1_99' title='bbox 1134 1635 1177 1696; x_wconf 90' lang='lat' dir='ltr'>sit</span> <span class='ocrx_word' id='word_1_100' title='bbox 1204 1636 1245 1696; x_wconf 90' lang='lat' dir='ltr'>ad</span> <span class='ocrx_word' id='word_1_101' title='bbox 1271 1633 1455 1698; x_wconf 87' lang='lat' dir='ltr'>monachos</span> 
     </span>
     <span class='ocr_line' id='line_1_22' title="bbox 374 1715 1458 1798; baseline 0.002 -20"><span class='ocrx_word' id='word_1_102' title='bbox 374 1725 408 1778; x_wconf 88' lang='lat' dir='ltr'>et</span> <span class='ocrx_word' id='word_1_103' title='bbox 431 1715 605 1796; x_wconf 85' lang='lat' dir='ltr'>religiosos</span> <span class='ocrx_word' id='word_1_104' title='bbox 627 1736 741 1798; x_wconf 87' lang='lat' dir='ltr'>presse</span> <span class='ocrx_word' id='word_1_105' title='bbox 770 1718 885 1778; x_wconf 89' lang='lat' dir='ltr'>dictos.</span> <span class='ocrx_word' id='word_1_106' title='bbox 920 1719 1041 1780; x_wconf 89' lang='lat' dir='ltr'>Primis</span> <span class='ocrx_word' id='word_1_107' title='bbox 1070 1727 1184 1780; x_wconf 90' lang='lat' dir='ltr'>autem</span> <span class='ocrx_word' id='word_1_108' title='bbox 1212 1717 1325 1795; x_wconf 91' lang='lat' dir='ltr'>initiis,</span> <span class='ocrx_word' id='word_1_109' title='bbox 1347 1719 1458 1780; x_wconf 92' lang='lat' dir='ltr'>omnia</span> 
     </span>
     <span class='ocr_line' id='line_1_23' title="bbox 374 1798 1457 1880; baseline 0.001 -19"><span class='ocrx_word' id='word_1_110' title='bbox 374 1798 476 1861; x_wconf 85' lang='lat' dir='ltr'>fuisse</span> <span class='ocrx_word' id='word_1_111' title='bbox 493 1798 602 1860; x_wconf 81' lang='lat' dir='ltr'>minus</span> <span class='ocrx_word' id='word_1_112' title='bbox 625 1799 812 1880; x_wconf 90' lang='lat' dir='ltr'>composita</span> <span class='ocrx_word' id='word_1_113' title='bbox 826 1811 859 1860; x_wconf 89' lang='lat' dir='ltr'>et</span> <span class='ocrx_word' id='word_1_114' title='bbox 876 1820 994 1880; x_wconf 83' lang='lat' dir='ltr'>parum</span> <span class='ocrx_word' id='word_1_115' title='bbox 1011 1801 1125 1877; x_wconf 87' lang='lat' dir='ltr'>finita,</span> <span class='ocrx_word' id='word_1_116' title='bbox 1136 1802 1252 1864; x_wconf 83' lang='lat' dir='ltr'>mirari</span> <span class='ocrx_word' id='word_1_117' title='bbox 1269 1804 1385 1880; x_wconf 88' lang='lat' dir='ltr'>nequit</span> <span class='ocrx_word' id='word_1_118' title='bbox 1401 1801 1457 1880; x_wconf 90' lang='lat' dir='ltr'>qui</span> 
     </span>
     <span class='ocr_line' id='line_1_24' title="bbox 374 1879 1459 1964; baseline 0.001 -20"><span class='ocrx_word' id='word_1_119' title='bbox 374 1883 508 1944; x_wconf 88' lang='lat' dir='ltr'>noverit</span> <span class='ocrx_word' id='word_1_120' title='bbox 521 1884 584 1942; x_wconf 88' lang='lat' dir='ltr'>hoc</span> <span class='ocrx_word' id='word_1_121' title='bbox 601 1901 675 1943; x_wconf 91' lang='lat' dir='ltr'>esse</span> <span class='ocrx_word' id='word_1_122' title='bbox 698 1879 729 1943; x_wconf 89' lang='lat' dir='ltr'>in</span> <span class='ocrx_word' id='word_1_123' title='bbox 746 1901 839 1943; x_wconf 92' lang='lat' dir='ltr'>more</span> <span class='ocrx_word' id='word_1_124' title='bbox 855 1883 1000 1964; x_wconf 90' lang='lat' dir='ltr'>positum</span> <span class='ocrx_word' id='word_1_125' title='bbox 1018 1883 1152 1945; x_wconf 89' lang='lat' dir='ltr'>divinae</span> <span class='ocrx_word' id='word_1_126' title='bbox 1167 1883 1404 1945; x_wconf 85' lang='lat' dir='ltr'>Providentiae</span> <span class='ocrx_word' id='word_1_127' title='bbox 1420 1889 1459 1945; x_wconf 92' lang='lat' dir='ltr'>ut</span> 
     </span>
     <span class='ocr_line' id='line_1_25' title="bbox 373 1963 1458 2046; baseline -0.003 -19"><span class='ocrx_word' id='word_1_128' title='bbox 373 1963 472 2027; x_wconf 91' lang='lat' dir='ltr'>lentis</span> <span class='ocrx_word' id='word_1_129' title='bbox 489 1963 704 2026; x_wconf 80' lang='lat' dir='ltr'>incrementis</span> <span class='ocrx_word' id='word_1_130' title='bbox 720 1965 833 2026; x_wconf 92' lang='lat' dir='ltr'>omnia</span> <span class='ocrx_word' id='word_1_131' title='bbox 848 1965 994 2027; x_wconf 91' lang='lat' dir='ltr'>adducat</span> <span class='ocrx_word' id='word_1_132' title='bbox 1024 1966 1065 2027; x_wconf 89' lang='lat' dir='ltr'>ad</span> <span class='ocrx_word' id='word_1_133' title='bbox 1090 1965 1328 2046; x_wconf 85' lang='lat' dir='ltr'>perfectionem</span> <span class='ocrx_word' id='word_1_134' title='bbox 1355 1973 1458 2043; x_wconf 88' lang='lat' dir='ltr'>atque&#39;</span> 
     </span>
     <span class='ocr_line' id='line_1_26' title="bbox 374 2046 1455 2130; baseline 0 -22"><span class='ocrx_word' id='word_1_135' title='bbox 374 2050 423 2108; x_wconf 88' lang='lat' dir='ltr'>ita</span> <span class='ocrx_word' id='word_1_136' title='bbox 438 2047 583 2127; x_wconf 85' lang='lat' dir='ltr'>gratiam</span> <span class='ocrx_word' id='word_1_137' title='bbox 598 2046 767 2130; x_wconf 89' lang='lat' dir='ltr'>dispenset</span> <span class='ocrx_word' id='word_1_138' title='bbox 779 2055 816 2108; x_wconf 95' lang='lat' dir='ltr'>ut</span> <span class='ocrx_word' id='word_1_139' title='bbox 828 2048 962 2111; x_wconf 89' lang='lat' dir='ltr'>minime</span> <span class='ocrx_word' id='word_1_140' title='bbox 974 2049 1070 2110; x_wconf 90' lang='lat' dir='ltr'>tollat</span> <span class='ocrx_word' id='word_1_141' title='bbox 1083 2048 1257 2110; x_wconf 90' lang='lat' dir='ltr'>hominum</span> <span class='ocrx_word' id='word_1_142' title='bbox 1268 2047 1338 2109; x_wconf 92' lang='lat' dir='ltr'>sive</span> <span class='ocrx_word' id='word_1_143' title='bbox 1353 2065 1455 2108; x_wconf 88' lang='lat' dir='ltr'>cona-</span> 
     </span>
     <span class='ocr_line' id='line_1_27' title="bbox 375 2129 1394 2212; baseline -0.006 -19"><span class='ocrx_word' id='word_1_144' title='bbox 375 2141 429 2193; x_wconf 89' lang='lat' dir='ltr'>tus</span> <span class='ocrx_word' id='word_1_145' title='bbox 445 2131 516 2192; x_wconf 86' lang='lat' dir='ltr'>sive</span> <span class='ocrx_word' id='word_1_146' title='bbox 533 2129 686 2212; x_wconf 89' lang='lat' dir='ltr'>proprios</span> <span class='ocrx_word' id='word_1_147' title='bbox 704 2131 889 2202; x_wconf 88' lang='lat' dir='ltr'>voluntatis</span> <span class='ocrx_word' id='word_1_148' title='bbox 907 2138 1031 2193; x_wconf 85' lang='lat' dir='ltr'>motus.</span> <span class='ocrx_word' id='word_1_149' title='bbox 1061 2181 1067 2187; x_wconf 84' lang='lat'>.</span> <span class='ocrx_word' id='word_1_150' title='bbox 1161 2179 1163 2184; x_wconf 93' lang='lat'><em>.</em></span> <span class='ocrx_word' id='word_1_151' title='bbox 1391 2142 1394 2148; x_wconf 83' lang='lat'><em>·</em></span> 
     </span>
    </p>

    <p class='ocr_par' dir='ltr' id='par_1_8' title="bbox 375 2212 1553 2458">
     <span class='ocr_line' id='line_1_28' title="bbox 414 2212 1457 2296; baseline -0.001 -21"><span class='ocrx_word' id='word_1_152' title='bbox 414 2214 532 2292; x_wconf 85' lang='lat' dir='ltr'>Itaque</span> <span class='ocrx_word' id='word_1_153' title='bbox 548 2213 663 2292; x_wconf 86' lang='lat' dir='ltr'>paucis</span> <span class='ocrx_word' id='word_1_154' title='bbox 686 2212 908 2274; x_wconf 87' lang='lat' dir='ltr'>indicabimus</span> <span class='ocrx_word' id='word_1_155' title='bbox 924 2213 1106 2296; x_wconf 84' lang='lat' dir='ltr'>praecipua</span> <span class='ocrx_word' id='word_1_156' title='bbox 1129 2232 1215 2293; x_wconf 87' lang='lat' dir='ltr'>quae</span> <span class='ocrx_word' id='word_1_157' title='bbox 1239 2213 1281 2274; x_wconf 92' lang='lat' dir='ltr'>ad</span> <span class='ocrx_word' id='word_1_158' title='bbox 1305 2219 1457 2274; x_wconf 91' lang='lat' dir='ltr'>nostram</span> 
     </span>
     <span class='ocr_line' id='line_1_29' title="bbox 375 2293 1553 2378; baseline -0.003 -20"><span class='ocrx_word' id='word_1_159' title='bbox 375 2301 527 2376; x_wconf 87' lang='lat' dir='ltr'>spectent</span> <span class='ocrx_word' id='word_1_160' title='bbox 544 2295 750 2378; x_wconf 89' lang='lat' dir='ltr'>provinciam</span> <span class='ocrx_word' id='word_1_161' title='bbox 766 2296 805 2358; x_wconf 93' lang='lat' dir='ltr'>de</span> <span class='ocrx_word' id='word_1_162' title='bbox 818 2297 870 2357; x_wconf 90' lang='lat' dir='ltr'>his</span> <span class='ocrx_word' id='word_1_163' title='bbox 882 2296 1028 2358; x_wconf 90' lang='lat' dir='ltr'>duobus:</span> <span class='ocrx_word' id='word_1_164' title='bbox 1043 2298 1082 2358; x_wconf 90' lang='lat' dir='ltr'>de</span> <span class='ocrx_word' id='word_1_165' title='bbox 1096 2294 1230 2375; x_wconf 62' lang='lat' dir='ltr'>exortatio</span> <span class='ocrx_word' id='word_1_166' title='bbox 1242 2293 1458 2376; x_wconf 72' lang='lat' dir='ltr'>apostoloram,</span> <span class='ocrx_word' id='word_1_167' title='bbox 1547 2351 1553 2376; x_wconf 65' lang='lat'><em>‚</em></span> 
     </span>
     <span class='ocr_line' id='line_1_30' title="bbox 375 2377 1243 2458; baseline -0.002 -18"><span class='ocrx_word' id='word_1_168' title='bbox 375 2379 414 2440; x_wconf 94' lang='lat' dir='ltr'>de</span> <span class='ocrx_word' id='word_1_169' title='bbox 430 2377 601 2458; x_wconf 78' lang='lat' dir='ltr'>virginibus</span> <span class='ocrx_word' id='word_1_170' title='bbox 618 2384 647 2437; x_wconf 82' lang='lat' dir='ltr'>et</span> <span class='ocrx_word' id='word_1_171' title='bbox 661 2377 780 2440; x_wconf 81' lang='lat' dir='ltr'>ascetis.</span> <span class='ocrx_word' id='word_1_172' title='bbox 1241 2409 1243 2416; x_wconf 40' lang='lat' dir='ltr'><em>s</em></span> 
     </span>
    </p>

    <p class='ocr_par' dir='ltr' id='par_1_9' title="bbox 375 2457 1461 2788">
     <span class='ocr_line' id='line_1_31' title="bbox 409 2457 1461 2542; baseline -0.003 -17"><span class='ocrx_word' id='word_1_173' title='bbox 409 2461 471 2525; x_wconf 83' lang='grc'>39.</span> <span class='ocrx_word' id='word_1_174' title='bbox 481 2460 593 2540; x_wconf 93' lang='lat' dir='ltr'>Ipsum</span> <span class='ocrx_word' id='word_1_175' title='bbox 603 2463 853 2540; x_wconf 88' lang='lat' dir='ltr'>Apostolorum</span> <span class='ocrx_word' id='word_1_176' title='bbox 867 2463 1056 2538; x_wconf 84' lang='lat' dir='ltr'>collegium</span> <span class='ocrx_word' id='word_1_177' title='bbox 1067 2460 1248 2542; x_wconf 86' lang='lat' dir='ltr'>perlectam</span> <span class='ocrx_word' id='word_1_178' title='bbox 1258 2457 1461 2522; x_wconf 87' lang='lat' dir='ltr'>subChristo</span> 
     </span>
     <span class='ocr_line' id='line_1_32' title="bbox 375 2541 1457 2624; baseline 0.001 -21"><span class='ocrx_word' id='word_1_179' title='bbox 375 2542 460 2604; x_wconf 92' lang='lat' dir='ltr'>duce</span> <span class='ocrx_word' id='word_1_180' title='bbox 476 2541 645 2621; x_wconf 83' lang='lat' dir='ltr'>religionis</span> <span class='ocrx_word' id='word_1_181' title='bbox 662 2542 830 2603; x_wconf 88' lang='lat' dir='ltr'>referebat</span> <span class='ocrx_word' id='word_1_182' title='bbox 846 2543 1002 2624; x_wconf 90' lang='lat' dir='ltr'>speciem,</span> <span class='ocrx_word' id='word_1_183' title='bbox 1028 2563 1116 2620; x_wconf 88' lang='lat' dir='ltr'>eum,</span> <span class='ocrx_word' id='word_1_184' title='bbox 1134 2543 1260 2605; x_wconf 89' lang='lat' dir='ltr'>relictis</span> <span class='ocrx_word' id='word_1_185' title='bbox 1275 2541 1430 2604; x_wconf 90' lang='lat' dir='ltr'>omnibus</span> <span class='ocrx_word' id='word_1_186' title='bbox 1450 2564 1457 2604; x_wconf 74' lang='grc' dir='ltr'><strong><em>ε</em></strong></span> 
     </span>
     <span class='ocr_line' id='line_1_33' title="bbox 375 2624 1458 2706; baseline 0.002 -22"><span class='ocrx_word' id='word_1_187' title='bbox 375 2624 488 2696; x_wconf 91' lang='lat' dir='ltr'>rebus,</span> <span class='ocrx_word' id='word_1_188' title='bbox 517 2624 723 2704; x_wconf 86' lang='lat' dir='ltr'>parentibus,</span> <span class='ocrx_word' id='word_1_189' title='bbox 751 2644 869 2701; x_wconf 85' lang='lat' dir='ltr'>uxore,</span> <span class='ocrx_word' id='word_1_190' title='bbox 898 2627 1088 2688; x_wconf 90' lang='lat' dir='ltr'>ultroneam</span> <span class='ocrx_word' id='word_1_191' title='bbox 1113 2627 1262 2688; x_wconf 89' lang='lat' dir='ltr'>colerent</span> <span class='ocrx_word' id='word_1_192' title='bbox 1279 2632 1458 2706; x_wconf 87' lang='lat' dir='ltr'>pauperta-</span> 
     </span>
     <span class='ocr_line' id='line_1_34' title="bbox 375 2706 1458 2788; baseline 0.001 -21"><span class='ocrx_word' id='word_1_193' title='bbox 375 2715 443 2768; x_wconf 91' lang='lat' dir='ltr'>tem</span> <span class='ocrx_word' id='word_1_194' title='bbox 468 2713 502 2768; x_wconf 90' lang='lat' dir='ltr'>et</span> <span class='ocrx_word' id='word_1_195' title='bbox 525 2706 717 2767; x_wconf 89' lang='lat' dir='ltr'>castitatem</span> <span class='ocrx_word' id='word_1_196' title='bbox 733 2714 765 2767; x_wconf 91' lang='lat' dir='ltr'>et</span> <span class='ocrx_word' id='word_1_197' title='bbox 782 2706 824 2768; x_wconf 89' lang='lat' dir='ltr'>ab</span> <span class='ocrx_word' id='word_1_198' title='bbox 840 2707 911 2788; x_wconf 91' lang='lat' dir='ltr'>ipso</span> <span class='ocrx_word' id='word_1_199' title='bbox 934 2728 1032 2788; x_wconf 89' lang='lat' dir='ltr'>quern</span> <span class='ocrx_word' id='word_1_200' title='bbox 1056 2706 1317 2770; x_wconf 87' lang='lat' dir='ltr'>obedientissimi</span> <span class='ocrx_word' id='word_1_201' title='bbox 1340 2721 1458 2788; x_wconf 86' lang='lat' dir='ltr'>seque-</span> 
     </span>
    </p>
   </div>
   <div class='ocr_carea' id='block_1_8' title="bbox 367 2789 1456 2866">
    <p class='ocr_par' dir='ltr' id='par_1_10' title="bbox 367 2789 1456 2866">
     <span class='ocr_line' id='line_1_35' title="bbox 367 2789 1456 2866; baseline 0.002 -16"><span class='ocrx_word' id='word_1_202' title='bbox 367 2789 500 2861; x_wconf 89' lang='lat' dir='ltr'>bantur</span> <span class='ocrx_word' id='word_1_203' title='bbox 516 2789 661 2850; x_wconf 88' lang='lat' dir='ltr'>Domino</span> <span class='ocrx_word' id='word_1_204' title='bbox 688 2789 729 2850; x_wconf 91' lang='lat' dir='ltr'>ad</span> <span class='ocrx_word' id='word_1_205' title='bbox 756 2809 888 2852; x_wconf 90' lang='lat' dir='ltr'>omnem</span> <span class='ocrx_word' id='word_1_206' title='bbox 915 2791 1178 2853; x_wconf 87' lang='lat' dir='ltr'>informarentur</span> <span class='ocrx_word' id='word_1_207' title='bbox 1205 2789 1456 2866; x_wconf 89' lang='lat' dir='ltr'>perlectionem.</span> 
     </span>
    </p>
   </div>
   <div class='ocr_carea' id='block_1_9' title="bbox 374 2871 1462 3285">
    <p class='ocr_par' dir='ltr' id='par_1_11' title="bbox 374 2871 1460 3099">
     <span class='ocr_line' id='line_1_36' title="bbox 375 2871 1459 2953; baseline 0.001 -20"><span class='ocrx_word' id='word_1_208' title='bbox 375 2873 469 2953; x_wconf 86' lang='lat' dir='ltr'>Quae</span> <span class='ocrx_word' id='word_1_209' title='bbox 486 2891 592 2952; x_wconf 91' lang='lat' dir='ltr'>parva</span> <span class='ocrx_word' id='word_1_210' title='bbox 608 2871 723 2951; x_wconf 64' lang='lat' dir='ltr'>religio</span> <span class='ocrx_word' id='word_1_211' title='bbox 739 2879 842 2949; x_wconf 90' lang='lat' dir='ltr'>recte,</span> <span class='ocrx_word' id='word_1_212' title='bbox 871 2893 911 2934; x_wconf 87' lang='lat' dir='ltr'>ex</span> <span class='ocrx_word' id='word_1_213' title='bbox 926 2874 1121 2935; x_wconf 91' lang='lat' dir='ltr'>muneribus</span> <span class='ocrx_word' id='word_1_214' title='bbox 1145 2872 1265 2952; x_wconf 89' lang='lat' dir='ltr'>quibus</span> <span class='ocrx_word' id='word_1_215' title='bbox 1284 2872 1355 2952; x_wconf 86' lang='lat' dir='ltr'>jam</span> <span class='ocrx_word' id='word_1_216' title='bbox 1379 2878 1459 2952; x_wconf 81' lang='lat' dir='ltr'>tunc</span> 
     </span>
     <span class='ocr_line' id='line_1_37' title="bbox 374 2954 1460 3098; baseline 0.002 -84"><span class='ocrx_word' id='word_1_217' title='bbox 374 2954 602 3098; x_wconf 54' lang='lat' dir='ltr'>pungebantur</span> <span class='ocrx_word' id='word_1_218' title='bbox 631 2954 816 3032; x_wconf 86' lang='lat' dir='ltr'>duodecim,</span> <span class='ocrx_word' id='word_1_219' title='bbox 845 2956 982 3018; x_wconf 83' lang='lat' dir='ltr'>mixtam</span> <span class='ocrx_word' id='word_1_220' title='bbox 1011 2957 1116 3020; x_wconf 86' lang='lat' dir='ltr'>vitam</span> <span class='ocrx_word' id='word_1_221' title='bbox 1145 2954 1211 3028; x_wconf 35' lang='lat' dir='ltr'>,dici</span> <span class='ocrx_word' id='word_1_222' title='bbox 1241 2963 1352 3036; x_wconf 89' lang='lat' dir='ltr'>potest</span> <span class='ocrx_word' id='word_1_223' title='bbox 1382 2959 1460 3037; x_wconf 60' lang='lat' dir='ltr'>pross</span> 
     </span>
     <span class='ocr_line' id='line_1_38' title="bbox 388 3057 504 3099; baseline 0.009 -1"><span class='ocrx_word' id='word_1_224' title='bbox 388 3057 464 3099; x_wconf 91' lang='lat' dir='ltr'>essa</span> <span class='ocrx_word' id='word_1_225' title='bbox 496 3082 504 3099; x_wconf 86' lang='lat'><strong>.</strong></span> 
     </span>
    </p>

    <p class='ocr_par' dir='ltr' id='par_1_12' title="bbox 375 3119 1462 3285">
     <span class='ocr_line' id='line_1_39' title="bbox 415 3119 1462 3202; baseline -0.003 -19"><span class='ocrx_word' id='word_1_226' title='bbox 415 3121 479 3185; x_wconf 90' lang='grc'>40.</span> <span class='ocrx_word' id='word_1_227' title='bbox 503 3119 686 3198; x_wconf 90' lang='lat' dir='ltr'>Postquam</span> <span class='ocrx_word' id='word_1_228' title='bbox 713 3119 865 3201; x_wconf 83' lang='lat' dir='ltr'>Apostoli</span> <span class='ocrx_word' id='word_1_229' title='bbox 891 3120 1109 3202; x_wconf 90' lang='lat' dir='ltr'>praeiverunt</span> <span class='ocrx_word' id='word_1_230' title='bbox 1135 3122 1287 3200; x_wconf 82' lang='lat' dir='ltr'>exemplo</span> <span class='ocrx_word' id='word_1_231' title='bbox 1317 3119 1340 3198; x_wconf 82' lang='lat'>³,</span> <span class='ocrx_word' id='word_1_232' title='bbox 1364 3139 1462 3181; x_wconf 91' lang='lat' dir='ltr'>num-</span> 
     </span>
     <span class='ocr_line' id='line_1_40' title="bbox 375 3201 1459 3285; baseline -0.001 -21"><span class='ocrx_word' id='word_1_233' title='bbox 375 3223 475 3284; x_wconf 90' lang='lat' dir='ltr'>quam</span> <span class='ocrx_word' id='word_1_234' title='bbox 490 3202 625 3263; x_wconf 89' lang='lat' dir='ltr'>deluere</span> <span class='ocrx_word' id='word_1_235' title='bbox 637 3201 669 3263; x_wconf 91' lang='lat' dir='ltr'>in</span> <span class='ocrx_word' id='word_1_236' title='bbox 679 3203 908 3283; x_wconf 88' lang='lat' dir='ltr'>Ecclesiaqui,</span> <span class='ocrx_word' id='word_1_237' title='bbox 918 3204 1142 3285; x_wconf 86' lang='lat' dir='ltr'>superadditis</span> <span class='ocrx_word' id='word_1_238' title='bbox 1152 3203 1285 3266; x_wconf 88' lang='lat' dir='ltr'>Domini</span> <span class='ocrx_word' id='word_1_239' title='bbox 1299 3201 1459 3281; x_wconf 90' lang='lat' dir='ltr'>consiliis,</span> 
     </span>
    </p>
   </div>
   <div class='ocr_carea' id='block_1_10' title="bbox 373 3433 1472 3898">
    <p class='ocr_par' dir='ltr' id='par_1_13' title="bbox 403 3433 790 3494">
     <span class='ocr_line' id='line_1_41' title="bbox 403 3433 790 3494; baseline -0.005 -11"><span class='ocrx_word' id='word_1_240' title='bbox 403 3435 479 3484; x_wconf 83' lang='lat' dir='ltr'>ler.</span> <span class='ocrx_word' id='word_1_241' title='bbox 493 3437 605 3494; x_wconf 82' lang='lat' dir='ltr'>Helyot,</span> <span class='ocrx_word' id='word_1_242' title='bbox 618 3449 662 3492; x_wconf 90' lang='lat' dir='ltr'>op.</span> <span class='ocrx_word' id='word_1_243' title='bbox 676 3433 722 3482; x_wconf 89' lang='lat' dir='ltr'>cit.</span> <span class='ocrx_word' id='word_1_244' title='bbox 735 3439 754 3481; x_wconf 88' lang='lat' dir='ltr'>t.</span> <span class='ocrx_word' id='word_1_245' title='bbox 769 3452 790 3481; x_wconf 94' lang='lat'>1.</span> 
     </span>
    </p>

    <p class='ocr_par' dir='ltr' id='par_1_14' title="bbox 374 3490 1472 3604">
     <span class='ocr_line' id='line_1_42' title="bbox 402 3490 1472 3554; baseline -0.004 -12"><span class='ocrx_word' id='word_1_246' title='bbox 402 3495 478 3542; x_wconf 68' lang='grc' dir='ltr'>2(ὶίι,</span> <span class='ocrx_word' id='word_1_247' title='bbox 492 3508 563 3554; x_wconf 90' lang='lat' dir='ltr'>quae</span> <span class='ocrx_word' id='word_1_248' title='bbox 574 3493 607 3541; x_wconf 92' lang='lat' dir='ltr'>de</span> <span class='ocrx_word' id='word_1_249' title='bbox 619 3493 714 3540; x_wconf 90' lang='lat' dir='ltr'>ordine</span> <span class='ocrx_word' id='word_1_250' title='bbox 724 3491 876 3551; x_wconf 90' lang='lat' dir='ltr'>apostolico</span> <span class='ocrx_word' id='word_1_251' title='bbox 894 3490 978 3539; x_wconf 87' lang='lat' dir='ltr'>habet</span> <span class='ocrx_word' id='word_1_252' title='bbox 999 3493 1110 3548; x_wconf 87' lang='lat' dir='ltr'>Suarez,</span> <span class='ocrx_word' id='word_1_253' title='bbox 1130 3493 1168 3538; x_wconf 77' lang='lat' dir='ltr'>De</span> <span class='ocrx_word' id='word_1_254' title='bbox 1184 3492 1305 3552; x_wconf 77' lang='lat' dir='ltr'>religione,</span> <span class='ocrx_word' id='word_1_255' title='bbox 1318 3497 1350 3539; x_wconf 90' lang='lat' dir='ltr'>tr.</span> <span class='ocrx_word' id='word_1_256' title='bbox 1365 3491 1418 3552; x_wconf 24' lang='lat' dir='ltr'>7‚·l.</span> <span class='ocrx_word' id='word_1_257' title='bbox 1432 3498 1455 3547; x_wconf 90' lang='grc'>3,</span> <span class='ocrx_word' id='word_1_258' title='bbox 1470 3509 1472 3512; x_wconf 93' lang='grc'><strong><em>·</em></strong></span> 
     </span>
     <span class='ocr_line' id='line_1_43' title="bbox 374 3565 736 3604; baseline -0.006 -5"><span class='ocrx_word' id='word_1_259' title='bbox 374 3565 397 3599; x_wconf 90' lang='lat' dir='ltr'>c.</span> <span class='ocrx_word' id='word_1_260' title='bbox 411 3566 521 3604; x_wconf 70' lang='lat' dir='ltr'>2,n.10.</span> <span class='ocrx_word' id='word_1_261' title='bbox 734 3580 736 3585; x_wconf 94' lang='lat'><em>·</em></span> 
     </span>
    </p>

    <p class='ocr_par' dir='ltr' id='par_1_15' title="bbox 373 3602 1462 3898">
     <span class='ocr_line' id='line_1_44' title="bbox 392 3602 1462 3671; baseline -0.002 -15"><span class='ocrx_word' id='word_1_262' title='bbox 392 3611 412 3644; x_wconf 82' lang='grc'>’3</span> <span class='ocrx_word' id='word_1_263' title='bbox 423 3611 454 3656; x_wconf 92' lang='lat' dir='ltr'>ln</span> <span class='ocrx_word' id='word_1_264' title='bbox 466 3610 525 3656; x_wconf 93' lang='lat' dir='ltr'>loco</span> <span class='ocrx_word' id='word_1_265' title='bbox 537 3607 647 3667; x_wconf 91' lang='lat' dir='ltr'>quidem</span> <span class='ocrx_word' id='word_1_266' title='bbox 659 3608 685 3656; x_wconf 91' lang='lat' dir='ltr'>S.</span> <span class='ocrx_word' id='word_1_267' title='bbox 705 3607 792 3656; x_wconf 90' lang='lat' dir='ltr'>Pauli.</span> <span class='ocrx_word' id='word_1_268' title='bbox 806 3607 884 3666; x_wconf 81' lang='lat' dir='ltr'>Epist.</span> <span class='ocrx_word' id='word_1_269' title='bbox 903 3621 912 3655; x_wconf 93' lang='lat'>1</span> <span class='ocrx_word' id='word_1_270' title='bbox 928 3607 960 3653; x_wconf 84' lang='lat' dir='ltr'>ad</span> <span class='ocrx_word' id='word_1_271' title='bbox 976 3602 1032 3654; x_wconf 83' lang='lat' dir='ltr'>Cor.</span> <span class='ocrx_word' id='word_1_272' title='bbox 1045 3621 1080 3655; x_wconf 86' lang='lat' dir='ltr'>rx.</span> <span class='ocrx_word' id='word_1_273' title='bbox 1095 3614 1116 3661; x_wconf 93' lang='grc'>5,</span> <span class='ocrx_word' id='word_1_274' title='bbox 1129 3607 1275 3655; x_wconf 85' lang='lat' dir='ltr'>acatholici</span> <span class='ocrx_word' id='word_1_275' title='bbox 1298 3607 1462 3671; x_wconf 84' lang='lat' dir='ltr'>interpretes</span> 
     </span>
     <span class='ocr_line' id='line_1_45' title="bbox 373 3663 1458 3729; baseline -0.002 -17"><span class='ocrx_word' id='word_1_276' title='bbox 373 3667 537 3721; x_wconf 73' lang='lat' dir='ltr'>mentionem</span> <span class='ocrx_word' id='word_1_277' title='bbox 557 3667 648 3724; x_wconf 87' lang='lat' dir='ltr'>legunt</span> <span class='ocrx_word' id='word_1_278' title='bbox 657 3665 748 3729; x_wconf 76' lang='lat' dir='ltr'>uxoris</span> <span class='ocrx_word' id='word_1_279' title='bbox 764 3679 847 3728; x_wconf 84' lang='lat' dir='ltr'>quarn</span> <span class='ocrx_word' id='word_1_280' title='bbox 858 3663 998 3711; x_wconf 87' lang='lat' dir='ltr'>duxissent</span> <span class='ocrx_word' id='word_1_281' title='bbox 1009 3667 1051 3713; x_wconf 89' lang='lat' dir='ltr'>vel</span> <span class='ocrx_word' id='word_1_282' title='bbox 1062 3679 1155 3714; x_wconf 86' lang='lat' dir='ltr'>secum</span> <span class='ocrx_word' id='word_1_283' title='bbox 1167 3666 1317 3713; x_wconf 85' lang='lat' dir='ltr'>tenuissent</span> <span class='ocrx_word' id='word_1_284' title='bbox 1329 3665 1458 3722; x_wconf 84' lang='lat' dir='ltr'>apostoli,</span> 
     </span>
     <span class='ocr_line' id='line_1_46' title="bbox 373 3723 1460 3780; baseline -0.002 -10"><span class='ocrx_word' id='word_1_285' title='bbox 373 3723 457 3770; x_wconf 89' lang='lat' dir='ltr'>immo</span> <span class='ocrx_word' id='word_1_286' title='bbox 466 3723 565 3770; x_wconf 82' lang='lat' dir='ltr'>Christi</span> <span class='ocrx_word' id='word_1_287' title='bbox 576 3723 770 3776; x_wconf 70' lang='lat' dir='ltr'>consanguinei</span> <span class='ocrx_word' id='word_1_288' title='bbox 782 3729 808 3768; x_wconf 89' lang='lat' dir='ltr'>et</span> <span class='ocrx_word' id='word_1_289' title='bbox 819 3735 876 3780; x_wconf 84' lang='lat' dir='ltr'>lpse</span> <span class='ocrx_word' id='word_1_290' title='bbox 891 3723 994 3769; x_wconf 87' lang='lat' dir='ltr'>Petrus.</span> <span class='ocrx_word' id='word_1_291' title='bbox 1007 3723 1052 3770; x_wconf 90' lang='lat' dir='ltr'>Sic</span> <span class='ocrx_word' id='word_1_292' title='bbox 1061 3733 1166 3771; x_wconf 88' lang='lat' dir='ltr'>autem:</span> <span class='ocrx_word' id='word_1_293' title='bbox 1178 3723 1201 3771; x_wconf 93' lang='lat' dir='ltr'>N</span> <span class='ocrx_word' id='word_1_294' title='bbox 1205 3737 1240 3770; x_wconf 91' lang='lat' dir='ltr'>on</span> <span class='ocrx_word' id='word_1_295' title='bbox 1250 3735 1338 3771; x_wconf 88' lang='lat' dir='ltr'>sotum</span> <span class='ocrx_word' id='word_1_296' title='bbox 1349 3727 1375 3778; x_wconf 78' lang='lat' dir='ltr'>at</span> <span class='ocrx_word' id='word_1_297' title='bbox 1386 3728 1460 3780; x_wconf 88' lang='lat' dir='ltr'>post-</span> 
     </span>
     <span class='ocr_line' id='line_1_47' title="bbox 373 3779 1460 3840; baseline -0.001 -13"><span class='ocrx_word' id='word_1_298' title='bbox 373 3779 475 3828; x_wconf 90' lang='lat' dir='ltr'>habent</span> <span class='ocrx_word' id='word_1_299' title='bbox 501 3779 718 3840; x_wconf 84' lang='lat' dir='ltr'>antiquissimam</span> <span class='ocrx_word' id='word_1_300' title='bbox 738 3779 944 3838; x_wconf 87' lang='lat' dir='ltr'>persuasionem</span> <span class='ocrx_word' id='word_1_301' title='bbox 968 3781 1108 3829; x_wconf 88' lang='lat' dir='ltr'>Ecclesiae</span> <span class='ocrx_word' id='word_1_302' title='bbox 1127 3781 1161 3828; x_wconf 89' lang='lat' dir='ltr'>de</span> <span class='ocrx_word' id='word_1_303' title='bbox 1184 3780 1354 3828; x_wconf 85' lang='lat' dir='ltr'>continentia</span> <span class='ocrx_word' id='word_1_304' title='bbox 1374 3793 1460 3839; x_wconf 85' lang='lat' dir='ltr'>quam</span> 
     </span>
     <span class='ocr_line' id='line_1_48' title="bbox 373 3834 1460 3898; baseline 0.001 -15"><span class='ocrx_word' id='word_1_305' title='bbox 373 3846 525 3885; x_wconf 87' lang='lat' dir='ltr'>servassent</span> <span class='ocrx_word' id='word_1_306' title='bbox 540 3837 654 3896; x_wconf 90' lang='lat' dir='ltr'>apostoli</span> <span class='ocrx_word' id='word_1_307' title='bbox 672 3852 703 3884; x_wconf 93' lang='lat' dir='ltr'>ex</span> <span class='ocrx_word' id='word_1_308' title='bbox 714 3851 769 3898; x_wconf 89' lang='lat' dir='ltr'>quo</span> <span class='ocrx_word' id='word_1_309' title='bbox 790 3837 879 3884; x_wconf 88' lang='lat' dir='ltr'>vocati</span> <span class='ocrx_word' id='word_1_310' title='bbox 896 3843 986 3884; x_wconf 86' lang='lat' dir='ltr'>sunta</span> <span class='ocrx_word' id='word_1_311' title='bbox 1003 3838 1120 3896; x_wconf 88' lang='lat' dir='ltr'>Christo,</span> <span class='ocrx_word' id='word_1_312' title='bbox 1131 3853 1165 3887; x_wconf 89' lang='lat' dir='ltr'>ac</span> <span class='ocrx_word' id='word_1_313' title='bbox 1181 3838 1206 3885; x_wconf 90' lang='lat' dir='ltr'>b</span> <span class='ocrx_word' id='word_1_314' title='bbox 1225 3839 1289 3887; x_wconf 90' lang='lat' dir='ltr'>Sine</span> <span class='ocrx_word' id='word_1_315' title='bbox 1304 3839 1374 3885; x_wconf 72' lang='lat' dir='ltr'>ulla=</span> <span class='ocrx_word' id='word_1_316' title='bbox 1382 3834 1460 3886; x_wconf 88' lang='lat' dir='ltr'>verbi</span> 
     </span>
    </p>
   </div>
   <div class='ocr_carea' id='block_1_11' title="bbox 372 3901 1465 4512">
    <p class='ocr_par' dir='ltr' id='par_1_16' title="bbox 372 3901 1465 4512">
     <span class='ocr_line' id='line_1_49' title="bbox 372 3901 1460 3966; baseline -0.001 -16"><span class='ocrx_word' id='word_1_317' title='bbox 372 3903 542 3959; x_wconf 85' lang='lat' dir='ltr'>necessitate,</span> <span class='ocrx_word' id='word_1_318' title='bbox 555 3917 618 3950; x_wconf 90' lang='lat' dir='ltr'>cum</span> <span class='ocrx_word' id='word_1_319' title='bbox 628 3917 679 3950; x_wconf 89' lang='lat' dir='ltr'>vox</span> <span class='ocrx_word' id='word_1_320' title='bbox 693 3901 755 3965; x_wconf 59' lang='grc' dir='ltr'>γυνή</span> <span class='ocrx_word' id='word_1_321' title='bbox 769 3901 906 3961; x_wconf 82' lang='lat' dir='ltr'>(opposita</span> <span class='ocrx_word' id='word_1_322' title='bbox 916 3911 974 3950; x_wconf 90' lang='lat' dir='ltr'>tum</span> <span class='ocrx_word' id='word_1_323' title='bbox 987 3908 1055 3965; x_wconf 77' lang='grc' dir='ltr'>ανδρί</span> <span class='ocrx_word' id='word_1_324' title='bbox 1068 3914 1126 3953; x_wconf 88' lang='lat' dir='ltr'>turn</span> <span class='ocrx_word' id='word_1_325' title='bbox 1137 3903 1259 3966; x_wconf 80' lang='grc' dir='ltr'>παρθένῳ)</span> <span class='ocrx_word' id='word_1_326' title='bbox 1272 3917 1360 3964; x_wconf 88' lang='lat' dir='ltr'>aeque</span> <span class='ocrx_word' id='word_1_327' title='bbox 1377 3901 1460 3962; x_wconf 87' lang='lat' dir='ltr'>signi·</span> 
     </span>
     <span class='ocr_line' id='line_1_50' title="bbox 373 3966 1462 4028; baseline 0 -12"><span class='ocrx_word' id='word_1_328' title='bbox 373 3967 435 4016; x_wconf 89' lang='lat' dir='ltr'>ficet</span> <span class='ocrx_word' id='word_1_329' title='bbox 446 3967 587 4015; x_wconf 88' lang='lat' dir='ltr'>mulierem</span> <span class='ocrx_word' id='word_1_330' title='bbox 599 3966 626 4014; x_wconf 91' lang='lat' dir='ltr'>in</span> <span class='ocrx_word' id='word_1_331' title='bbox 638 3967 795 4013; x_wconf 88' lang='lat' dir='ltr'>universum</span> <span class='ocrx_word' id='word_1_332' title='bbox 806 3980 966 4021; x_wconf 83' lang='lat' dir='ltr'>acuxorem,</span> <span class='ocrx_word' id='word_1_333' title='bbox 975 3975 1000 4020; x_wconf 83' lang='lat' dir='ltr'>c)</span> <span class='ocrx_word' id='word_1_334' title='bbox 1011 3969 1175 4028; x_wconf 81' lang='lat' dir='ltr'>Repugnant</span> <span class='ocrx_word' id='word_1_335' title='bbox 1185 3969 1298 4014; x_wconf 87' lang='lat' dir='ltr'>Patrum</span> <span class='ocrx_word' id='word_1_336' title='bbox 1310 3967 1462 4016; x_wconf 88' lang='lat' dir='ltr'>intellectui</span> 
     </span>
     <span class='ocr_line' id='line_1_51' title="bbox 373 4024 1462 4086; baseline 0.001 -13"><span class='ocrx_word' id='word_1_337' title='bbox 373 4026 419 4086; x_wconf 91' lang='lat' dir='ltr'>qui</span> <span class='ocrx_word' id='word_1_338' title='bbox 439 4040 557 4074; x_wconf 90' lang='lat' dir='ltr'>errorem</span> <span class='ocrx_word' id='word_1_339' title='bbox 576 4026 658 4072; x_wconf 88' lang='lat' dir='ltr'>istum</span> <span class='ocrx_word' id='word_1_340' title='bbox 668 4024 810 4073; x_wconf 80' lang='lat' dir='ltr'>refellunt:</span> <span class='ocrx_word' id='word_1_341' title='bbox 825 4025 940 4073; x_wconf 85' lang='lat' dir='ltr'>Tertull.</span> <span class='ocrx_word' id='word_1_342' title='bbox 953 4027 990 4072; x_wconf 82' lang='lat' dir='ltr'>De</span> <span class='ocrx_word' id='word_1_343' title='bbox 1007 4042 1101 4086; x_wconf 84' lang='lat' dir='ltr'>monog.</span> <span class='ocrx_word' id='word_1_344' title='bbox 1120 4035 1132 4074; x_wconf 88' lang='lat'>8</span> <span class='ocrx_word' id='word_1_345' title='bbox 1151 4027 1200 4083; x_wconf 72' lang='lat' dir='ltr'>(M.</span> <span class='ocrx_word' id='word_1_346' title='bbox 1215 4025 1246 4071; x_wconf 89' lang='lat' dir='ltr'>P.</span> <span class='ocrx_word' id='word_1_347' title='bbox 1261 4027 1292 4073; x_wconf 93' lang='lat' dir='ltr'>L.</span> <span class='ocrx_word' id='word_1_348' title='bbox 1307 4033 1324 4072; x_wconf 89' lang='lat' dir='ltr'>t.</span> <span class='ocrx_word' id='word_1_349' title='bbox 1336 4044 1358 4080; x_wconf 77' lang='grc' dir='ltr'><strong>ι,</strong></span> <span class='ocrx_word' id='word_1_350' title='bbox 1372 4034 1462 4084; x_wconf 71' lang='grc'>0.·939.</span> 
     </span>
     <span class='ocr_line' id='line_1_52' title="bbox 373 4083 1465 4142; baseline -0.001 -11"><span class='ocrx_word' id='word_1_351' title='bbox 373 4095 439 4142; x_wconf 69' lang='grc' dir='ltr'><strong>ᾳιοις</strong></span> <span class='ocrx_word' id='word_1_352' title='bbox 452 4085 478 4131; x_wconf 92' lang='lat' dir='ltr'>S.</span> <span class='ocrx_word' id='word_1_353' title='bbox 498 4083 610 4131; x_wconf 86' lang='lat' dir='ltr'>Hieron.</span> <span class='ocrx_word' id='word_1_354' title='bbox 621 4089 705 4129; x_wconf 83' lang='lat' dir='ltr'>contra</span> <span class='ocrx_word' id='word_1_355' title='bbox 715 4083 799 4132; x_wconf 75' lang='lat' dir='ltr'>Jovin.</span> <span class='ocrx_word' id='word_1_356' title='bbox 817 4096 836 4138; x_wconf 89' lang='lat'>1,</span> <span class='ocrx_word' id='word_1_357' title='bbox 848 4085 934 4137; x_wconf 75' lang='lat' dir='ltr'>aoiM.</span> <span class='ocrx_word' id='word_1_358' title='bbox 949 4085 980 4130; x_wconf 88' lang='grc' dir='ltr'>Ρ.</span> <span class='ocrx_word' id='word_1_359' title='bbox 995 4085 1027 4131; x_wconf 95' lang='lat' dir='ltr'>L.</span> <span class='ocrx_word' id='word_1_360' title='bbox 1041 4094 1058 4132; x_wconf 87' lang='lat' dir='ltr'>t.</span> <span class='ocrx_word' id='word_1_361' title='bbox 1076 4093 1110 4140; x_wconf 82' lang='lat'>13,</span> <span class='ocrx_word' id='word_1_362' title='bbox 1123 4099 1147 4132; x_wconf 90' lang='lat' dir='ltr'>c.</span> <span class='ocrx_word' id='word_1_363' title='bbox 1161 4089 1227 4140; x_wconf 71' lang='lat'>245¹:</span> <span class='ocrx_word' id='word_1_364' title='bbox 1248 4084 1274 4130; x_wconf 92' lang='lat' dir='ltr'>S.</span> <span class='ocrx_word' id='word_1_365' title='bbox 1291 4087 1407 4142; x_wconf 76' lang='lat' dir='ltr'>August.</span> <span class='ocrx_word' id='word_1_366' title='bbox 1425 4084 1465 4130; x_wconf 86' lang='lat' dir='ltr'>De</span> 
     </span>
     <span class='ocr_line' id='line_1_53' title="bbox 373 4140 1464 4200; baseline -0.001 -11"><span class='ocrx_word' id='word_1_367' title='bbox 373 4146 408 4200; x_wconf 77' lang='lat' dir='ltr'>op.</span> <span class='ocrx_word' id='word_1_368' title='bbox 421 4156 484 4188; x_wconf 86' lang='lat' dir='ltr'>moa.</span> <span class='ocrx_word' id='word_1_369' title='bbox 498 4162 520 4196; x_wconf 80' lang='lat'>4·</span> <span class='ocrx_word' id='word_1_370' title='bbox 538 4148 550 4188; x_wconf 88' lang='grc'><em>5</em></span> <span class='ocrx_word' id='word_1_371' title='bbox 565 4142 614 4194; x_wconf 81' lang='lat' dir='ltr'>tM.</span> <span class='ocrx_word' id='word_1_372' title='bbox 631 4141 660 4187; x_wconf 87' lang='lat' dir='ltr'>P.</span> <span class='ocrx_word' id='word_1_373' title='bbox 673 4141 705 4186; x_wconf 92' lang='lat' dir='ltr'>L.</span> <span class='ocrx_word' id='word_1_374' title='bbox 719 4145 736 4186; x_wconf 86' lang='lat' dir='ltr'>t.</span> <span class='ocrx_word' id='word_1_375' title='bbox 750 4157 787 4196; x_wconf 72' lang='grc' dir='ltr'><strong>ιο,</strong></span> <span class='ocrx_word' id='word_1_376' title='bbox 800 4153 824 4186; x_wconf 90' lang='lat' dir='ltr'>c.</span> <span class='ocrx_word' id='word_1_377' title='bbox 844 4148 895 4188; x_wconf 81' lang='lat'><strong>552.</strong></span> <span class='ocrx_word' id='word_1_378' title='bbox 917 4147 977 4198; x_wconf 70' lang='lat'><strong>554).</strong></span> <span class='ocrx_word' id='word_1_379' title='bbox 990 4143 1037 4189; x_wconf 90' lang='lat' dir='ltr'>sed</span> <span class='ocrx_word' id='word_1_380' title='bbox 1053 4142 1136 4189; x_wconf 87' lang='lat' dir='ltr'>etiam</span> <span class='ocrx_word' id='word_1_381' title='bbox 1152 4142 1179 4188; x_wconf 80' lang='lat' dir='ltr'>dt</span> <span class='ocrx_word' id='word_1_382' title='bbox 1189 4142 1356 4189; x_wconf 88' lang='lat' dir='ltr'>Sententiam</span> <span class='ocrx_word' id='word_1_383' title='bbox 1367 4140 1464 4188; x_wconf 92' lang='lat' dir='ltr'>obtru-</span> 
     </span>
     <span class='ocr_line' id='line_1_54' title="bbox 372 4197 1465 4259; baseline -0.001 -11"><span class='ocrx_word' id='word_1_384' title='bbox 372 4201 437 4248; x_wconf 91' lang='lat' dir='ltr'>dere</span> <span class='ocrx_word' id='word_1_385' title='bbox 452 4200 548 4246; x_wconf 86' lang='lat' dir='ltr'>volunt</span> <span class='ocrx_word' id='word_1_386' title='bbox 565 4212 648 4259; x_wconf 92' lang='lat' dir='ltr'>quam</span> <span class='ocrx_word' id='word_1_387' title='bbox 658 4197 781 4256; x_wconf 89' lang='lat' dir='ltr'>reliquae</span> <span class='ocrx_word' id='word_1_388' title='bbox 798 4197 957 4257; x_wconf 88' lang='lat' dir='ltr'>Scripturae</span> <span class='ocrx_word' id='word_1_389' title='bbox 972 4206 998 4245; x_wconf 88' lang='lat' dir='ltr'>et</span> <span class='ocrx_word' id='word_1_390' title='bbox 1013 4208 1141 4247; x_wconf 86' lang='lat' dir='ltr'>contexta</span> <span class='ocrx_word' id='word_1_391' title='bbox 1156 4198 1245 4245; x_wconf 86' lang='lat' dir='ltr'>oratio</span> <span class='ocrx_word' id='word_1_392' title='bbox 1258 4200 1338 4257; x_wconf 88' lang='lat' dir='ltr'>plane</span> <span class='ocrx_word' id='word_1_393' title='bbox 1355 4199 1465 4248; x_wconf 85' lang='lat' dir='ltr'>faciunt</span> 
     </span>
     <span class='ocr_line' id='line_1_55' title="bbox 373 4262 1462 4324; baseline 0 -12"><span class='ocrx_word' id='word_1_394' title='bbox 373 4263 571 4312; x_wconf 88' lang='lat' dir='ltr'>incredibilem.</span> <span class='ocrx_word' id='word_1_395' title='bbox 585 4265 659 4312; x_wconf 88' lang='lat' dir='ltr'>Etre</span> <span class='ocrx_word' id='word_1_396' title='bbox 669 4262 781 4322; x_wconf 87' lang='lat' dir='ltr'>quidem</span> <span class='ocrx_word' id='word_1_397' title='bbox 792 4277 870 4314; x_wconf 89' lang='lat' dir='ltr'>vera:</span> <span class='ocrx_word' id='word_1_398' title='bbox 894 4275 919 4314; x_wconf 77' lang='lat' dir='ltr'>at</span> <span class='ocrx_word' id='word_1_399' title='bbox 938 4264 1071 4314; x_wconf 87' lang='lat' dir='ltr'>Christus.</span> <span class='ocrx_word' id='word_1_400' title='bbox 1092 4265 1167 4324; x_wconf 90' lang='lat' dir='ltr'>apud</span> <span class='ocrx_word' id='word_1_401' title='bbox 1188 4267 1215 4313; x_wconf 90' lang='lat' dir='ltr'>S.</span> <span class='ocrx_word' id='word_1_402' title='bbox 1234 4264 1462 4321; x_wconf 77' lang='lat' dir='ltr'>Mattb.xix.12‚</span> 
     </span>
     <span class='ocr_line' id='line_1_56' title="bbox 372 4328 1464 4396; baseline -0.001 -18"><span class='ocrx_word' id='word_1_403' title='bbox 372 4329 610 4378; x_wconf 88' lang='lat' dir='ltr'>commendaverat</span> <span class='ocrx_word' id='word_1_404' title='bbox 618 4328 815 4393; x_wconf 84' lang='lat' dir='ltr'>continentiam</span> <span class='ocrx_word' id='word_1_405' title='bbox 826 4337 936 4389; x_wconf 89' lang='lat' dir='ltr'>propter</span> <span class='ocrx_word' id='word_1_406' title='bbox 946 4344 1057 4396; x_wconf 80' lang='lat' dir='ltr'>regnum</span> <span class='ocrx_word' id='word_1_407' title='bbox 1068 4334 1216 4380; x_wconf 87' lang='lat' dir='ltr'>caelorum.</span> <span class='ocrx_word' id='word_1_408' title='bbox 1224 4330 1298 4388; x_wconf 92' lang='lat' dir='ltr'>quod</span> <span class='ocrx_word' id='word_1_409' title='bbox 1309 4336 1464 4389; x_wconf 88' lang='lat' dir='ltr'>protestan-</span> 
     </span>
     <span class='ocr_line' id='line_1_57' title="bbox 373 4385 1462 4448; baseline 0.002 -14"><span class='ocrx_word' id='word_1_410' title='bbox 373 4394 413 4435; x_wconf 92' lang='lat' dir='ltr'>tes</span> <span class='ocrx_word' id='word_1_411' title='bbox 422 4387 574 4446; x_wconf 82' lang='lat' dir='ltr'>intelligunt</span> <span class='ocrx_word' id='word_1_412' title='bbox 589 4385 623 4433; x_wconf 91' lang='lat' dir='ltr'>de</span> <span class='ocrx_word' id='word_1_413' title='bbox 635 4386 839 4444; x_wconf 69' lang='lat' dir='ltr'>praeda-atione</span> <span class='ocrx_word' id='word_1_414' title='bbox 855 4388 1016 4446; x_wconf 82' lang='lat' dir='ltr'>Evangelii:¹</span> <span class='ocrx_word' id='word_1_415' title='bbox 1032 4403 1088 4448; x_wconf 90' lang='lat' dir='ltr'>qua</span> <span class='ocrx_word' id='word_1_416' title='bbox 1105 4387 1197 4446; x_wconf 86' lang='lat' dir='ltr'>specie</span> <span class='ocrx_word' id='word_1_417' title='bbox 1209 4387 1341 4435; x_wconf 86' lang='lat' dir='ltr'>indociles</span> <span class='ocrx_word' id='word_1_418' title='bbox 1352 4387 1462 4436; x_wconf 84' lang='lat' dir='ltr'>faciunt</span> 
     </span>
     <span class='ocr_line' id='line_1_58' title="bbox 373 4451 1461 4512; baseline 0.003 -13"><span class='ocrx_word' id='word_1_419' title='bbox 373 4452 476 4512; x_wconf 89' lang='lat' dir='ltr'>primos</span> <span class='ocrx_word' id='word_1_420' title='bbox 487 4451 627 4512; x_wconf 86' lang='lat' dir='ltr'>Evangelii</span> <span class='ocrx_word' id='word_1_421' title='bbox 639 4453 805 4510; x_wconf 89' lang='lat' dir='ltr'>praecones?</span> <span class='ocrx_word' id='word_1_422' title='bbox 822 4457 849 4512; x_wconf 81' lang='grc' dir='ltr'><strong>βι</strong></span> <span class='ocrx_word' id='word_1_423' title='bbox 860 4455 930 4500; x_wconf 88' lang='lat' dir='ltr'>Cum</span> <span class='ocrx_word' id='word_1_424' title='bbox 943 4453 1040 4502; x_wconf 88' lang='lat' dir='ltr'>Petrus</span> <span class='ocrx_word' id='word_1_425' title='bbox 1050 4455 1087 4510; x_wconf 88' lang='lat' dir='ltr'>(S.</span> <span class='ocrx_word' id='word_1_426' title='bbox 1106 4453 1205 4502; x_wconf 87' lang='lat' dir='ltr'>Matth.</span> <span class='ocrx_word' id='word_1_427' title='bbox 1218 4465 1272 4509; x_wconf 87' lang='lat' dir='ltr'>xrx,</span> <span class='ocrx_word' id='word_1_428' title='bbox 1285 4455 1323 4510; x_wconf 87' lang='lat'>27)</span> <span class='ocrx_word' id='word_1_429' title='bbox 1344 4459 1461 4503; x_wconf 88' lang='lat' dir='ltr'>testatus</span> 
     </span>
    </p>
   </div>
   <div class='ocr_carea' id='block_1_12' title="bbox 374 4515 1456 4577">
    <p class='ocr_par' dir='ltr' id='par_1_17' title="bbox 374 4515 1456 4577">
     <span class='ocr_line' id='line_1_59' title="bbox 374 4515 1456 4577; baseline 0 -11"><span class='ocrx_word' id='word_1_430' title='bbox 374 4524 444 4566; x_wconf 86' lang='lat' dir='ltr'>esset</span> <span class='ocrx_word' id='word_1_431' title='bbox 452 4531 480 4564; x_wconf 89' lang='lat' dir='ltr'>se</span> <span class='ocrx_word' id='word_1_432' title='bbox 490 4530 553 4564; x_wconf 92' lang='lat' dir='ltr'>curn</span> <span class='ocrx_word' id='word_1_433' title='bbox 561 4515 658 4566; x_wconf 89' lang='lat' dir='ltr'>ceteris</span> <span class='ocrx_word' id='word_1_434' title='bbox 668 4517 798 4575; x_wconf 89' lang='lat' dir='ltr'>apostolis</span> <span class='ocrx_word' id='word_1_435' title='bbox 808 4517 1059 4576; x_wconf 87' lang='lat' dir='ltr'>reliquisseomnia,</span> <span class='ocrx_word' id='word_1_436' title='bbox 1071 4516 1205 4574; x_wconf 87' lang='lat' dir='ltr'>Christus,</span> <span class='ocrx_word' id='word_1_437' title='bbox 1219 4523 1246 4573; x_wconf 50' lang='grc' dir='ltr'><strong>ιι</strong></span> <span class='ocrx_word' id='word_1_438' title='bbox 1255 4517 1328 4576; x_wconf 80' lang='lat' dir='ltr'>29,in</span> <span class='ocrx_word' id='word_1_439' title='bbox 1339 4518 1456 4577; x_wconf 89' lang='lat' dir='ltr'>praemii</span> 
     </span>
    </p>
   </div>
   <div class='ocr_carea' id='block_1_13' title="bbox 0 0 1578 5004">
    <p class='ocr_par' dir='ltr' id='par_1_18' title="bbox 0 0 1578 5004">
     <span class='ocr_line' id='line_1_60' title="bbox 0 0 1578 5004; baseline 0 0"><span class='ocrx_word' id='word_1_440' title='bbox 0 0 1578 5004; x_wconf 95' lang='lat' dir='ltr'> </span> 
     </span>
    </p>
   </div>
  </div>
 </body>
</html>
