<?xml version="1.0" encoding="UTF-8"?>
<!DOCTYPE html PUBLIC "-//W3C//DTD XHTML 1.0 Transitional//EN"
    "http://www.w3.org/TR/xhtml1/DTD/xhtml1-transitional.dtd">
<html xmlns="http://www.w3.org/1999/xhtml" xml:lang="en" lang="en">
 <head>
  <title>
</title>
<meta http-equiv="Content-Type" content="text/html;charset=utf-8" />
  <meta name='ocr-system' content='tesseract 3.04.00' />
  <meta name='ocr-capabilities' content='ocr_page ocr_carea ocr_par ocr_line ocrx_word'/>
</head>
<body>
  <div class='ocr_page' id='page_1' title='image "./dereligiosisins00vermgoog_0164.png"; bbox 0 0 3148 5004; ppageno 0'>
   <div class='ocr_carea' id='block_1_1' title="bbox 141 373 1242 482">
    <p class='ocr_par' dir='ltr' id='par_1_1' title="bbox 141 373 1242 482">
     <span class='ocr_line' id='line_1_1' title="bbox 141 373 1242 482; baseline 0.001 -21"><span class='ocrx_word' id='word_1_1' title='bbox 141 401 320 482; x_wconf 77' lang='lat'><strong><em>[213·215]</em></strong></span> <span class='ocrx_word' id='word_1_2' title='bbox 454 421 645 460; x_wconf 75' lang='lat' dir='ltr'><em>eaosnssronrs</em></span> <span class='ocrx_word' id='word_1_3' title='bbox 660 393 823 457; x_wconf 75' lang='lat' dir='ltr'><em>nnntorosan</em></span> <span class='ocrx_word' id='word_1_4' title='bbox 838 420 952 456; x_wconf 72' lang='lat' dir='ltr'><em>aaroni</em></span> <span class='ocrx_word' id='word_1_5' title='bbox 1033 373 1038 384; x_wconf 62' lang='lat'><strong>.</strong></span> <span class='ocrx_word' id='word_1_6' title='bbox 1169 401 1242 464; x_wconf 72' lang='lat'><em>129&#39;</em></span> 
     </span>
    </p>
   </div>
   <div class='ocr_carea' id='block_1_2' title="bbox 139 559 1230 890">
    <p class='ocr_par' dir='ltr' id='par_1_2' title="bbox 139 559 1229 639">
     <span class='ocr_line' id='line_1_2' title="bbox 139 559 1229 639; baseline 0.006 -19"><span class='ocrx_word' id='word_1_7' title='bbox 139 561 308 622; x_wconf 86' lang='lat' dir='ltr'><em>fessionis</em></span> <span class='ocrx_word' id='word_1_8' title='bbox 335 561 512 639; x_wconf 89' lang='lat' dir='ltr'><em>simplicis</em></span> <span class='ocrx_word' id='word_1_9' title='bbox 539 559 711 623; x_wconf 86' lang='lat' dir='ltr'><strong>faciendae</strong></span> <span class='ocrx_word' id='word_1_10' title='bbox 738 565 816 621; x_wconf 92' lang='lat' dir='ltr'><em>ante</em></span> <span class='ocrx_word' id='word_1_11' title='bbox 839 561 1063 624; x_wconf 84' lang='lat' dir='ltr'><strong>sollemnem.</strong></span> <span class='ocrx_word' id='word_1_12' title='bbox 1087 561 1229 627; x_wconf 84' lang='lat' dir='ltr'>Praeter</span> 
     </span>
    </p>

    <p class='ocr_par' dir='ltr' id='par_1_3' title="bbox 141 643 1229 806">
     <span class='ocr_line' id='line_1_3' title="bbox 141 643 1176 723; baseline 0.003 -21"><span class='ocrx_word' id='word_1_13' title='bbox 141 661 181 702; x_wconf 93' lang='lat' dir='ltr'><em>ea</em></span> <span class='ocrx_word' id='word_1_14' title='bbox 196 643 362 723; x_wconf 87' lang='lat' dir='ltr'><em>quaejam</em></span> <span class='ocrx_word' id='word_1_15' title='bbox 379 643 470 705; x_wconf 90' lang='lat' dir='ltr'><em>dicta</em></span> <span class='ocrx_word' id='word_1_16' title='bbox 486 648 578 720; x_wconf 89' lang='lat' dir='ltr'><em>sunt,</em></span> <span class='ocrx_word' id='word_1_17' title='bbox 633 711 636 720; x_wconf 32' lang='lat'>¹</span> <span class='ocrx_word' id='word_1_18' title='bbox 1174 665 1176 670; x_wconf 72' lang='grc'><em>’</em></span> 
     </span>
     <span class='ocr_line' id='line_1_4' title="bbox 183 723 1229 806; baseline 0.005 -22"><span class='ocrx_word' id='word_1_19' title='bbox 183 745 212 786; x_wconf 90' lang='lat'><em>1.</em></span> <span class='ocrx_word' id='word_1_20' title='bbox 236 725 334 806; x_wconf 87' lang='lat' dir='ltr'><em>Quod</em></span> <span class='ocrx_word' id='word_1_21' title='bbox 369 726 410 787; x_wconf 88' lang='lat' dir='ltr'><em>ad</em></span> <span class='ocrx_word' id='word_1_22' title='bbox 434 729 576 792; x_wconf 86' lang='lat' dir='ltr'><em>aetatem,</em></span> <span class='ocrx_word' id='word_1_23' title='bbox 605 725 741 786; x_wconf 92' lang='lat' dir='ltr'><em>decreto</em></span> <span class='ocrx_word' id='word_1_24' title='bbox 765 724 928 786; x_wconf 75' lang='lat' dir='ltr'><strong><em>Neminem</em></strong></span> <span class='ocrx_word' id='word_1_25' title='bbox 953 723 1029 785; x_wconf 89' lang='lat' dir='ltr'><em>latet</em></span> <span class='ocrx_word' id='word_1_26' title='bbox 1064 748 1102 805; x_wconf 86' lang='lat'><em>19</em></span> <span class='ocrx_word' id='word_1_27' title='bbox 1127 731 1229 789; x_wconf 87' lang='lat' dir='ltr'><em>mart.</em></span> 
     </span>
    </p>

    <p class='ocr_par' dir='ltr' id='par_1_4' title="bbox 142 805 1230 890">
     <span class='ocr_line' id='line_1_5' title="bbox 142 805 1230 890; baseline 0.003 -24"><span class='ocrx_word' id='word_1_28' title='bbox 142 811 220 887; x_wconf 86' lang='lat'>1857</span> <span class='ocrx_word' id='word_1_29' title='bbox 230 805 251 883; x_wconf 83' lang='lat'><em>¹,</em></span> <span class='ocrx_word' id='word_1_30' title='bbox 262 809 456 888; x_wconf 88' lang='lat' dir='ltr'><em>postulatur</em></span> <span class='ocrx_word' id='word_1_31' title='bbox 473 816 568 869; x_wconf 90' lang='lat' dir='ltr'><em>aetas</em></span> <span class='ocrx_word' id='word_1_32' title='bbox 580 806 779 870; x_wconf 88' lang='lat' dir='ltr'><em>Tridentina</em></span> <span class='ocrx_word' id='word_1_33' title='bbox 790 809 843 869; x_wconf 92' lang='lat' dir='ltr'><em>vel</em></span> <span class='ocrx_word' id='word_1_34' title='bbox 858 808 966 890; x_wconf 86' lang='lat' dir='ltr'><em>major</em></span> <span class='ocrx_word' id='word_1_35' title='bbox 979 807 1005 869; x_wconf 92' lang='lat' dir='ltr'><em>si</em></span> <span class='ocrx_word' id='word_1_36' title='bbox 1019 827 1104 887; x_wconf 91' lang='lat' dir='ltr'><em>quae</em></span> <span class='ocrx_word' id='word_1_37' title='bbox 1117 809 1230 889; x_wconf 84' lang='lat' dir='ltr'><em>exiga-</em></span> 
     </span>
    </p>
   </div>
   <div class='ocr_carea' id='block_1_3' title="bbox 1281 499 1449 721">
    <p class='ocr_par' dir='ltr' id='par_1_5' title="bbox 1281 499 1449 721">
     <span class='ocr_line' id='line_1_6' title="bbox 1281 499 1436 560; baseline 0.026 -15"><span class='ocrx_word' id='word_1_38' title='bbox 1281 499 1436 560; x_wconf 75' lang='lat' dir='ltr'><em>professionis</em></span> 
     </span>
     <span class='ocr_line' id='line_1_7' title="bbox 1285 558 1446 620; baseline 0.012 -16"><span class='ocrx_word' id='word_1_39' title='bbox 1285 558 1446 620; x_wconf 84' lang='lat' dir='ltr'><em>simpliaisfa·</em></span> 
     </span>
     <span class='ocr_line' id='line_1_8' title="bbox 1287 616 1449 663; baseline 0.006 -1"><span class='ocrx_word' id='word_1_40' title='bbox 1287 616 1380 662; x_wconf 75' lang='lat' dir='ltr'><em>ciendae</em></span> <span class='ocrx_word' id='word_1_41' title='bbox 1395 622 1449 663; x_wconf 85' lang='lat' dir='ltr'><em>ante</em></span> 
     </span>
     <span class='ocr_line' id='line_1_9' title="bbox 1288 673 1434 721; baseline 0.014 -2"><span class='ocrx_word' id='word_1_42' title='bbox 1288 673 1416 721; x_wconf 74' lang='lat' dir='ltr'><em>sollemnem</em></span> <span class='ocrx_word' id='word_1_43' title='bbox 1425 688 1434 721; x_wconf 92' lang='grc'><em>.·</em></span> 
     </span>
    </p>
   </div>
   <div class='ocr_carea' id='block_1_4' title="bbox 1316 760 1444 824">
    <p class='ocr_par' dir='ltr' id='par_1_6' title="bbox 1316 760 1444 824">
     <span class='ocr_line' id='line_1_10' title="bbox 1316 760 1444 824; baseline -0.016 -10"><span class='ocrx_word' id='word_1_44' title='bbox 1316 767 1399 824; x_wconf 84' lang='lat' dir='ltr'><em>Aetas,</em></span> <span class='ocrx_word' id='word_1_45' title='bbox 1442 760 1444 764; x_wconf 70' lang='grc'>’</span> 
     </span>
    </p>
   </div>
   <div class='ocr_carea' id='block_1_5' title="bbox 140 889 1311 972">
    <p class='ocr_par' dir='ltr' id='par_1_7' title="bbox 140 889 1311 972">
     <span class='ocr_line' id='line_1_11' title="bbox 140 889 1311 972; baseline 0.003 -23"><span class='ocrx_word' id='word_1_46' title='bbox 140 894 196 949; x_wconf 91' lang='lat' dir='ltr'><em>tur</em></span> <span class='ocrx_word' id='word_1_47' title='bbox 219 889 357 951; x_wconf 88' lang='lat' dir='ltr'><em>statutis</em></span> <span class='ocrx_word' id='word_1_48' title='bbox 383 889 601 972; x_wconf 73' lang='lat' dir='ltr'><em>approbatis,</em></span> <span class='ocrx_word' id='word_1_49' title='bbox 619 896 663 965; x_wconf 90' lang='lat' dir='ltr'><em>et,</em></span> <span class='ocrx_word' id='word_1_50' title='bbox 688 890 721 951; x_wconf 92' lang='lat' dir='ltr'><em>in</em></span> <span class='ocrx_word' id='word_1_51' title='bbox 737 889 911 952; x_wconf 84' lang='lat' dir='ltr'><em>conversis</em></span> <span class='ocrx_word' id='word_1_52' title='bbox 927 909 986 952; x_wconf 91' lang='lat' dir='ltr'><em>seu</em></span> <span class='ocrx_word' id='word_1_53' title='bbox 1010 891 1116 969; x_wconf 79' lang='lat' dir='ltr'><em>lalciS,</em></span> <span class='ocrx_word' id='word_1_54' title='bbox 1136 897 1230 954; x_wconf 88' lang='lat' dir='ltr'><em>aetas</em></span> <span class='ocrx_word' id='word_1_55' title='bbox 1309 907 1311 912; x_wconf 80' lang='grc'>’</span> 
     </span>
    </p>
   </div>
   <div class='ocr_carea' id='block_1_6' title="bbox 117 970 1241 2786">
    <p class='ocr_par' dir='ltr' id='par_1_8' title="bbox 143 970 857 1051">
     <span class='ocr_line' id='line_1_12' title="bbox 143 970 857 1051; baseline 0.003 -19"><span class='ocrx_word' id='word_1_56' title='bbox 143 970 280 1032; x_wconf 87' lang='lat' dir='ltr'><em>definita</em></span> <span class='ocrx_word' id='word_1_57' title='bbox 296 971 334 1034; x_wconf 88' lang='lat' dir='ltr'><em>C.</em></span> <span class='ocrx_word' id='word_1_58' title='bbox 351 971 536 1036; x_wconf 90' lang='lat' dir='ltr'><em>Clementis</em></span> <span class='ocrx_word' id='word_1_59' title='bbox 552 989 614 1034; x_wconf 82' lang='lat' dir='ltr'><em>vul</em></span> <span class='ocrx_word' id='word_1_60' title='bbox 629 973 666 1034; x_wconf 91' lang='lat' dir='ltr'><em>ln</em></span> <span class='ocrx_word' id='word_1_61' title='bbox 677 975 819 1051; x_wconf 87' lang='lat' dir='ltr'><em>suprema</em></span> <span class='ocrx_word' id='word_1_62' title='bbox 833 973 857 1034; x_wconf 86' lang='lat'><em>².</em></span> 
     </span>
    </p>

    <p class='ocr_par' dir='ltr' id='par_1_9' title="bbox 138 1047 1233 1384">
     <span class='ocr_line' id='line_1_13' title="bbox 184 1047 1230 1146; baseline 0.003 -32"><span class='ocrx_word' id='word_1_63' title='bbox 184 1074 215 1116; x_wconf 88' lang='lat'><em>2.</em></span> <span class='ocrx_word' id='word_1_64' title='bbox 232 1054 329 1146; x_wconf 80' lang='lat' dir='ltr'><em>Quod</em></span> <span class='ocrx_word' id='word_1_65' title='bbox 346 1056 388 1117; x_wconf 92' lang='lat' dir='ltr'><em>ad</em></span> <span class='ocrx_word' id='word_1_66' title='bbox 404 1053 580 1116; x_wconf 80' lang='lat' dir='ltr'><em>sollemnem</em></span> <span class='ocrx_word' id='word_1_67' title='bbox 597 1053 829 1135; x_wconf 73' lang='lat' dir='ltr'><em>professionem,</em></span> <span class='ocrx_word' id='word_1_68' title='bbox 847 1057 962 1136; x_wconf 91' lang='lat' dir='ltr'><em>elapso</em></span> <span class='ocrx_word' id='word_1_69' title='bbox 975 1054 1106 1123; x_wconf 83' lang='lat' dir='ltr'><em>triennio</em></span> <span class='ocrx_word' id='word_1_70' title='bbox 1120 1055 1162 1117; x_wconf 88' lang='lat' dir='ltr'><em>ab</em></span> <span class='ocrx_word' id='word_1_71' title='bbox 1178 1047 1230 1117; x_wconf 85' lang='lat' dir='ltr'><em>liis</em></span> 
     </span>
     <span class='ocr_line' id='line_1_14' title="bbox 144 1136 1232 1218; baseline 0.001 -21"><span class='ocrx_word' id='word_1_72' title='bbox 144 1137 275 1199; x_wconf 86' lang='lat' dir='ltr'><em>emissis</em></span> <span class='ocrx_word' id='word_1_73' title='bbox 298 1136 399 1210; x_wconf 87' lang='lat' dir='ltr'><em>votis,</em></span> <span class='ocrx_word' id='word_1_74' title='bbox 425 1157 484 1218; x_wconf 90' lang='lat' dir='ltr'><em>per</em></span> <span class='ocrx_word' id='word_1_75' title='bbox 507 1156 555 1215; x_wconf 89' lang='lat' dir='ltr'><em>se,</em></span> <span class='ocrx_word' id='word_1_76' title='bbox 581 1137 636 1216; x_wconf 90' lang='lat' dir='ltr'><em>qui</em></span> <span class='ocrx_word' id='word_1_77' title='bbox 653 1136 742 1216; x_wconf 84' lang='lat' dir='ltr'>digni</span> <span class='ocrx_word' id='word_1_78' title='bbox 765 1138 843 1214; x_wconf 89' lang='lat' dir='ltr'><em>sint,</em></span> <span class='ocrx_word' id='word_1_79' title='bbox 868 1138 1065 1199; x_wconf 89' lang='lat' dir='ltr'><em>admittendi</em></span> <span class='ocrx_word' id='word_1_80' title='bbox 1087 1147 1166 1200; x_wconf 90' lang='lat' dir='ltr'><em>sunt</em></span> <span class='ocrx_word' id='word_1_81' title='bbox 1189 1138 1232 1199; x_wconf 90' lang='lat' dir='ltr'><em>ad</em></span> 
     </span>
     <span class='ocr_line' id='line_1_15' title="bbox 138 1217 1233 1302; baseline 0.002 -23"><span class='ocrx_word' id='word_1_82' title='bbox 138 1217 359 1299; x_wconf 76' lang='lat' dir='ltr'><em>professionem</em></span> <span class='ocrx_word' id='word_1_83' title='bbox 384 1231 543 1281; x_wconf 90' lang='lat' dir='ltr'><em>votorum</em></span> <span class='ocrx_word' id='word_1_84' title='bbox 580 1217 785 1296; x_wconf 69' lang='lat' dir='ltr'><em>sollemnium,</em></span> <span class='ocrx_word' id='word_1_85' title='bbox 820 1221 884 1285; x_wconf 89' lang='lat' dir='ltr'><em>nisi</em></span> <span class='ocrx_word' id='word_1_86' title='bbox 914 1220 1049 1302; x_wconf 90' lang='lat' dir='ltr'><em>propria</em></span> <span class='ocrx_word' id='word_1_87' title='bbox 1082 1219 1233 1283; x_wconf 87' lang='lat' dir='ltr'><em>Instituti</em></span> 
     </span>
     <span class='ocr_line' id='line_1_16' title="bbox 144 1300 990 1384; baseline 0.002 -22"><span class='ocrx_word' id='word_1_88' title='bbox 144 1305 217 1381; x_wconf 85' lang='lat' dir='ltr'><em>lege</em></span> <span class='ocrx_word' id='word_1_89' title='bbox 229 1303 335 1382; x_wconf 85' lang='lat' dir='ltr'><em>magis</em></span> <span class='ocrx_word' id='word_1_90' title='bbox 349 1303 545 1365; x_wconf 87' lang='lat' dir='ltr'><em>diuturnum</em></span> <span class='ocrx_word' id='word_1_91' title='bbox 561 1300 816 1384; x_wconf 86' lang='lat' dir='ltr'><em>praescribatur</em></span> <span class='ocrx_word' id='word_1_92' title='bbox 830 1303 990 1384; x_wconf 86' lang='lat' dir='ltr'><em>spatium.</em></span> 
     </span>
    </p>

    <p class='ocr_par' dir='ltr' id='par_1_10' title="bbox 186 1383 1234 1467">
     <span class='ocr_line' id='line_1_17' title="bbox 186 1383 1234 1467; baseline 0.001 -22"><span class='ocrx_word' id='word_1_93' title='bbox 186 1404 215 1461; x_wconf 87' lang='lat'><em>3.</em></span> <span class='ocrx_word' id='word_1_94' title='bbox 235 1385 331 1467; x_wconf 87' lang='lat' dir='ltr'><em>Quod</em></span> <span class='ocrx_word' id='word_1_95' title='bbox 345 1385 387 1446; x_wconf 90' lang='lat' dir='ltr'><em>ad</em></span> <span class='ocrx_word' id='word_1_96' title='bbox 403 1384 596 1447; x_wconf 90' lang='lat' dir='ltr'><em>dilationem</em></span> <span class='ocrx_word' id='word_1_97' title='bbox 610 1383 840 1466; x_wconf 69' lang='lat' dir='ltr'><em>professionis</em></span> <span class='ocrx_word' id='word_1_98' title='bbox 858 1384 900 1446; x_wconf 93' lang='lat' dir='ltr'><em>ob</em></span> <span class='ocrx_word' id='word_1_99' title='bbox 909 1387 1020 1466; x_wconf 88' lang='lat' dir='ltr'><em>justas</em></span> <span class='ocrx_word' id='word_1_100' title='bbox 1034 1391 1068 1447; x_wconf 92' lang='lat' dir='ltr'><em>et</em></span> <span class='ocrx_word' id='word_1_101' title='bbox 1083 1385 1234 1447; x_wconf 89' lang='lat' dir='ltr'><em>rationa-</em></span> 
     </span>
    </p>

    <p class='ocr_par' dir='ltr' id='par_1_11' title="bbox 117 1463 1237 1958">
     <span class='ocr_line' id='line_1_18' title="bbox 117 1463 1234 1548; baseline 0.003 -22"><span class='ocrx_word' id='word_1_102' title='bbox 117 1495 120 1503; x_wconf 91' lang='lat'>·</span> <span class='ocrx_word' id='word_1_103' title='bbox 145 1463 227 1527; x_wconf 88' lang='lat' dir='ltr'><em>biles</em></span> <span class='ocrx_word' id='word_1_104' title='bbox 250 1487 371 1529; x_wconf 86' lang='lat' dir='ltr'><em>causas</em></span> <span class='ocrx_word' id='word_1_105' title='bbox 400 1472 541 1547; x_wconf 85' lang='lat' dir='ltr'><em>possunt</em></span> <span class='ocrx_word' id='word_1_106' title='bbox 565 1464 726 1548; x_wconf 84' lang='lat' dir='ltr'><em>Superior</em></span> <span class='ocrx_word' id='word_1_107' title='bbox 750 1466 925 1529; x_wconf 84' lang='lat' dir='ltr'><em>Generalis</em></span> <span class='ocrx_word' id='word_1_108' title='bbox 948 1486 988 1528; x_wconf 90' lang='lat' dir='ltr'><em>ac</em></span> <span class='ocrx_word' id='word_1_109' title='bbox 1012 1466 1234 1539; x_wconf 89' lang='lat' dir='ltr'><em>Provincialis</em></span> 
     </span>
     <span class='ocr_line' id='line_1_19' title="bbox 146 1549 1235 1631; baseline 0.004 -24"><span class='ocrx_word' id='word_1_110' title='bbox 146 1549 341 1611; x_wconf 86' lang='lat' dir='ltr'><em>sollemnem</em></span> <span class='ocrx_word' id='word_1_111' title='bbox 353 1549 488 1612; x_wconf 84' lang='lat' dir='ltr'><em>differre</em></span> <span class='ocrx_word' id='word_1_112' title='bbox 500 1549 754 1631; x_wconf 83' lang='lat' dir='ltr'><em>professionem,</em></span> <span class='ocrx_word' id='word_1_113' title='bbox 772 1569 838 1610; x_wconf 90' lang='lat' dir='ltr'><em>non</em></span> <span class='ocrx_word' id='word_1_114' title='bbox 855 1556 968 1612; x_wconf 87' lang='lat' dir='ltr'><em>tamen</em></span> <span class='ocrx_word' id='word_1_115' title='bbox 984 1551 1075 1612; x_wconf 92' lang='lat' dir='ltr'><em>ultra</em></span> <span class='ocrx_word' id='word_1_116' title='bbox 1088 1557 1235 1612; x_wconf 88' lang='lat' dir='ltr'><em>aetatem</em></span> 
     </span>
     <span class='ocr_line' id='line_1_20' title="bbox 146 1630 1236 1712; baseline 0.003 -21"><span class='ocrx_word' id='word_1_117' title='bbox 146 1647 184 1708; x_wconf 84' lang='lat'><em>25</em></span> <span class='ocrx_word' id='word_1_118' title='bbox 208 1651 375 1693; x_wconf 90' lang='lat' dir='ltr'><em>annorum</em></span> <span class='ocrx_word' id='word_1_119' title='bbox 399 1636 611 1712; x_wconf 86' lang='lat' dir='ltr'><em>expletorum</em></span> <span class='ocrx_word' id='word_1_120' title='bbox 635 1631 659 1694; x_wconf 84' lang='lat'><em>³.</em></span> <span class='ocrx_word' id='word_1_121' title='bbox 676 1630 711 1692; x_wconf 90' lang='lat' dir='ltr'><em>Si</em></span> <span class='ocrx_word' id='word_1_122' title='bbox 728 1632 761 1693; x_wconf 91' lang='lat' dir='ltr'><em>in</em></span> <span class='ocrx_word' id='word_1_123' title='bbox 785 1632 910 1694; x_wconf 90' lang='lat' dir='ltr'><em>Ordine</em></span> <span class='ocrx_word' id='word_1_124' title='bbox 933 1651 1000 1694; x_wconf 92' lang='lat' dir='ltr'><em>non</em></span> <span class='ocrx_word' id='word_1_125' title='bbox 1028 1635 1072 1694; x_wconf 90' lang='lat' dir='ltr'><em>sit</em></span> <span class='ocrx_word' id='word_1_126' title='bbox 1094 1633 1236 1696; x_wconf 85' lang='lat' dir='ltr'><em>Provin-</em></span> 
     </span>
     <span class='ocr_line' id='line_1_21' title="bbox 149 1712 1237 1796; baseline 0.006 -26"><span class='ocrx_word' id='word_1_127' title='bbox 149 1712 314 1784; x_wconf 88' lang='lat' dir='ltr'><em>vincialis‚</em></span> <span class='ocrx_word' id='word_1_128' title='bbox 351 1715 468 1775; x_wconf 89' lang='lat' dir='ltr'><em>eadem</em></span> <span class='ocrx_word' id='word_1_129' title='bbox 505 1713 649 1775; x_wconf 85' lang='lat' dir='ltr'><em>facultas</em></span> <span class='ocrx_word' id='word_1_130' title='bbox 687 1716 883 1776; x_wconf 86' lang='lat' dir='ltr'><em>conceditur</em></span> <span class='ocrx_word' id='word_1_131' title='bbox 911 1715 1085 1796; x_wconf 89' lang='lat' dir='ltr'><em>Superiori</em></span> <span class='ocrx_word' id='word_1_132' title='bbox 1118 1715 1237 1778; x_wconf 89' lang='lat' dir='ltr'><em>domus</em></span> 
     </span>
     <span class='ocr_line' id='line_1_22' title="bbox 151 1794 1237 1872; baseline 0.006 -18"><span class='ocrx_word' id='word_1_133' title='bbox 151 1794 350 1872; x_wconf 91' lang='lat' dir='ltr'><em>novitiatus,</em></span> <span class='ocrx_word' id='word_1_134' title='bbox 380 1797 419 1856; x_wconf 89' lang='lat' dir='ltr'><em>de</em></span> <span class='ocrx_word' id='word_1_135' title='bbox 447 1815 615 1857; x_wconf 90' lang='lat' dir='ltr'><em>consensu</em></span> <span class='ocrx_word' id='word_1_136' title='bbox 644 1796 797 1872; x_wconf 75' lang='lat' dir='ltr'><em>magistri</em></span> <span class='ocrx_word' id='word_1_137' title='bbox 822 1798 1007 1858; x_wconf 85' lang='lat' dir='ltr'><em>novitiatus</em></span> <span class='ocrx_word' id='word_1_138' title='bbox 1031 1807 1065 1859; x_wconf 90' lang='lat' dir='ltr'><em>et</em></span> <span class='ocrx_word' id='word_1_139' title='bbox 1095 1797 1237 1860; x_wconf 88' lang='lat' dir='ltr'><em>duorum</em></span> 
     </span>
     <span class='ocr_line' id='line_1_23' title="bbox 153 1877 1133 1958; baseline 0.004 -20"><span class='ocrx_word' id='word_1_140' title='bbox 153 1877 390 1956; x_wconf 83' lang='lat' dir='ltr'><em>religiosorum</em></span> <span class='ocrx_word' id='word_1_141' title='bbox 408 1878 463 1958; x_wconf 92' lang='lat' dir='ltr'><em>qui</em></span> <span class='ocrx_word' id='word_1_142' title='bbox 482 1877 592 1956; x_wconf 86' lang='lat' dir='ltr'><em>aliquo</em></span> <span class='ocrx_word' id='word_1_143' title='bbox 609 1877 756 1941; x_wconf 87' lang='lat' dir='ltr'><em>Instituti</em></span> <span class='ocrx_word' id='word_1_144' title='bbox 771 1881 876 1958; x_wconf 84' lang='lat' dir='ltr'><em>gradu</em></span> <span class='ocrx_word' id='word_1_145' title='bbox 890 1880 956 1940; x_wconf 91' lang='lat' dir='ltr'><em>sint</em></span> <span class='ocrx_word' id='word_1_146' title='bbox 972 1879 1133 1958; x_wconf 78' lang='lat' dir='ltr'><em>insigniti.</em></span> 
     </span>
    </p>

    <p class='ocr_par' dir='ltr' id='par_1_12' title="bbox 153 1959 1239 2291">
     <span class='ocr_line' id='line_1_24' title="bbox 195 1959 1239 2042; baseline 0.002 -20"><span class='ocrx_word' id='word_1_147' title='bbox 195 1959 260 2042; x_wconf 85' lang='lat' dir='ltr'><em>Qui</em></span> <span class='ocrx_word' id='word_1_148' title='bbox 274 1969 387 2023; x_wconf 91' lang='lat' dir='ltr'><em>tamen</em></span> <span class='ocrx_word' id='word_1_149' title='bbox 405 1960 609 2023; x_wconf 89' lang='lat' dir='ltr'><em>novitiatum</em></span> <span class='ocrx_word' id='word_1_150' title='bbox 628 1963 769 2038; x_wconf 77' lang='lat' dir='ltr'><em>ingressi</em></span> <span class='ocrx_word' id='word_1_151' title='bbox 787 1961 910 2022; x_wconf 89' lang='lat' dir='ltr'><em>fuerint</em></span> <span class='ocrx_word' id='word_1_152' title='bbox 925 1981 1033 2024; x_wconf 90' lang='lat' dir='ltr'><em>annos</em></span> <span class='ocrx_word' id='word_1_153' title='bbox 1048 1962 1119 2023; x_wconf 92' lang='lat' dir='ltr'><em>nati</em></span> <span class='ocrx_word' id='word_1_154' title='bbox 1135 1963 1239 2038; x_wconf 80' lang='lat' dir='ltr'><em>maio·</em></span> 
     </span>
     <span class='ocr_line' id='line_1_25' title="bbox 153 2044 1237 2124; baseline 0.004 -22"><span class='ocrx_word' id='word_1_155' title='bbox 153 2060 206 2102; x_wconf 91' lang='lat' dir='ltr'><em>res</em></span> <span class='ocrx_word' id='word_1_156' title='bbox 241 2064 292 2120; x_wconf 82' lang='lat'><em>25,</em></span> <span class='ocrx_word' id='word_1_157' title='bbox 317 2045 390 2124; x_wconf 87' lang='lat' dir='ltr'><em>lege</em></span> <span class='ocrx_word' id='word_1_158' title='bbox 426 2044 600 2105; x_wconf 83' lang='lat' dir='ltr'><em>triennalis</em></span> <span class='ocrx_word' id='word_1_159' title='bbox 630 2044 846 2124; x_wconf 85' lang='lat' dir='ltr'><em>protessionis</em></span> <span class='ocrx_word' id='word_1_160' title='bbox 868 2044 1026 2124; x_wconf 85' lang='lat' dir='ltr'><em>simplicis</em></span> <span class='ocrx_word' id='word_1_161' title='bbox 1056 2053 1237 2121; x_wconf 90' lang='lat' dir='ltr'><em>tenentur;</em></span> 
     </span>
     <span class='ocr_line' id='line_1_26' title="bbox 153 2123 1238 2207; baseline 0.002 -21"><span class='ocrx_word' id='word_1_162' title='bbox 153 2123 233 2206; x_wconf 91' lang='lat' dir='ltr'><em>ipsis</em></span> <span class='ocrx_word' id='word_1_163' title='bbox 257 2144 350 2204; x_wconf 88' lang='lat' dir='ltr'><em>ver0,</em></span> <span class='ocrx_word' id='word_1_164' title='bbox 376 2127 466 2187; x_wconf 89' lang='lat' dir='ltr'><em>ultra</em></span> <span class='ocrx_word' id='word_1_165' title='bbox 483 2126 679 2200; x_wconf 58' lang='lat' dir='ltr'><em>triennium,</em></span> <span class='ocrx_word' id='word_1_166' title='bbox 697 2127 860 2207; x_wconf 68' lang='lat' dir='ltr'><em>professio</em></span> <span class='ocrx_word' id='word_1_167' title='bbox 882 2125 1005 2187; x_wconf 83' lang='lat' dir='ltr'><em>differri</em></span> <span class='ocrx_word' id='word_1_168' title='bbox 1021 2128 1148 2206; x_wconf 85' lang='lat' dir='ltr'><em>nequit.</em></span> <span class='ocrx_word' id='word_1_169' title='bbox 1169 2125 1210 2188; x_wconf 91' lang='lat' dir='ltr'><em>Cf</em></span> <span class='ocrx_word' id='word_1_170' title='bbox 1229 2172 1238 2188; x_wconf 91' lang='lat'><strong>.</strong></span> 
     </span>
     <span class='ocr_line' id='line_1_27' title="bbox 153 2207 1238 2291; baseline 0.003 -23"><span class='ocrx_word' id='word_1_171' title='bbox 153 2209 279 2269; x_wconf 87' lang='lat' dir='ltr'><em>declar.</em></span> <span class='ocrx_word' id='word_1_172' title='bbox 298 2230 337 2270; x_wconf 82' lang='lat'><em>20</em></span> <span class='ocrx_word' id='word_1_173' title='bbox 356 2209 429 2291; x_wconf 86' lang='lat' dir='ltr'><em>jan.</em></span> <span class='ocrx_word' id='word_1_174' title='bbox 449 2213 526 2270; x_wconf 85' lang='lat'>1860</span> <span class='ocrx_word' id='word_1_175' title='bbox 544 2214 576 2270; x_wconf 90' lang='lat' dir='ltr'><em>et</em></span> <span class='ocrx_word' id='word_1_176' title='bbox 596 2214 631 2271; x_wconf 90' lang='lat'><em>16</em></span> <span class='ocrx_word' id='word_1_177' title='bbox 647 2228 724 2288; x_wconf 82' lang='lat' dir='ltr'><em>aug.</em></span> <span class='ocrx_word' id='word_1_178' title='bbox 746 2213 835 2272; x_wconf 86' lang='lat'><strong>1866.</strong></span> <span class='ocrx_word' id='word_1_179' title='bbox 848 2207 1009 2283; x_wconf 81' lang='lat' dir='ltr'><em>Bizzarti,</em></span> <span class='ocrx_word' id='word_1_180' title='bbox 1029 2229 1059 2288; x_wconf 91' lang='lat' dir='ltr'><em>p.</em></span> <span class='ocrx_word' id='word_1_181' title='bbox 1077 2231 1137 2288; x_wconf 91' lang='lat'><em>909</em></span> <span class='ocrx_word' id='word_1_182' title='bbox 1157 2229 1238 2287; x_wconf 73' lang='lat'><em>917·</em></span> 
     </span>
    </p>

    <p class='ocr_par' dir='ltr' id='par_1_13' title="bbox 150 2290 1240 2622">
     <span class='ocr_line' id='line_1_28' title="bbox 192 2290 1240 2373; baseline 0 -21"><span class='ocrx_word' id='word_1_183' title='bbox 192 2313 221 2371; x_wconf 90' lang='lat'><em>4.</em></span> <span class='ocrx_word' id='word_1_184' title='bbox 238 2290 334 2372; x_wconf 86' lang='lat' dir='ltr'><em>Quod</em></span> <span class='ocrx_word' id='word_1_185' title='bbox 349 2293 390 2352; x_wconf 94' lang='lat' dir='ltr'><em>ad</em></span> <span class='ocrx_word' id='word_1_186' title='bbox 403 2290 635 2358; x_wconf 85' lang='lat' dir='ltr'><em>institutionem,</em></span> <span class='ocrx_word' id='word_1_187' title='bbox 652 2292 791 2373; x_wconf 90' lang='lat' dir='ltr'><em>professi</em></span> <span class='ocrx_word' id='word_1_188' title='bbox 809 2290 863 2352; x_wconf 92' lang='lat' dir='ltr'><em>isti</em></span> <span class='ocrx_word' id='word_1_189' title='bbox 879 2310 1053 2352; x_wconf 88' lang='lat' dir='ltr'><em>remanere</em></span> <span class='ocrx_word' id='word_1_190' title='bbox 1066 2290 1188 2352; x_wconf 89' lang='lat' dir='ltr'><em>debent</em></span> <span class='ocrx_word' id='word_1_191' title='bbox 1206 2291 1240 2352; x_wconf 92' lang='lat' dir='ltr'><em>in</em></span> 
     </span>
     <span class='ocr_line' id='line_1_29' title="bbox 152 2371 1240 2454; baseline 0.002 -22"><span class='ocrx_word' id='word_1_192' title='bbox 152 2371 307 2435; x_wconf 89' lang='lat' dir='ltr'><em>domibus</em></span> <span class='ocrx_word' id='word_1_193' title='bbox 312 2373 498 2454; x_wconf 84' lang='lat' dir='ltr'><em>professorii</em></span> <span class='ocrx_word' id='word_1_194' title='bbox 512 2374 524 2408; x_wconf 86' lang='lat'>⁴</span> <span class='ocrx_word' id='word_1_195' title='bbox 547 2384 579 2435; x_wconf 89' lang='lat' dir='ltr'><em>et</em></span> <span class='ocrx_word' id='word_1_196' title='bbox 602 2374 800 2435; x_wconf 89' lang='lat' dir='ltr'><em>studiorum.</em></span> <span class='ocrx_word' id='word_1_197' title='bbox 816 2373 1004 2451; x_wconf 88' lang='lat' dir='ltr'><em>debentque</em></span> <span class='ocrx_word' id='word_1_198' title='bbox 1016 2374 1121 2435; x_wconf 90' lang='lat' dir='ltr'><em>vitam</em></span> <span class='ocrx_word' id='word_1_199' title='bbox 1138 2392 1240 2451; x_wconf 80' lang='lat' dir='ltr'><em>agere</em></span> 
     </span>
     <span class='ocr_line' id='line_1_30' title="bbox 150 2455 1238 2538; baseline 0 -21"><span class='ocrx_word' id='word_1_200' title='bbox 150 2457 298 2535; x_wconf 86' lang='lat' dir='ltr'><em>perfecte</em></span> <span class='ocrx_word' id='word_1_201' title='bbox 323 2475 546 2518; x_wconf 90' lang='lat' dir='ltr'><em>communem.</em></span> <span class='ocrx_word' id='word_1_202' title='bbox 564 2457 615 2519; x_wconf 90' lang='lat' dir='ltr'><em>De</em></span> <span class='ocrx_word' id='word_1_203' title='bbox 637 2457 810 2538; x_wconf 90' lang='lat' dir='ltr'><em>disciplina</em></span> <span class='ocrx_word' id='word_1_204' title='bbox 836 2455 1026 2537; x_wconf 87' lang='lat' dir='ltr'><em>hujusmodi</em></span> <span class='ocrx_word' id='word_1_205' title='bbox 1049 2458 1238 2533; x_wconf 90' lang='lat' dir='ltr'><em>domorum,</em></span> 
     </span>
     <span class='ocr_line' id='line_1_31' title="bbox 151 2535 1100 2622; baseline 0.004 -24"><span class='ocrx_word' id='word_1_206' title='bbox 151 2535 213 2600; x_wconf 90' lang='lat' dir='ltr'><em>cfr.</em></span> <span class='ocrx_word' id='word_1_207' title='bbox 228 2537 412 2601; x_wconf 84' lang='lat' dir='ltr'><em>Clementis</em></span> <span class='ocrx_word' id='word_1_208' title='bbox 427 2555 502 2614; x_wconf 88' lang='lat' dir='ltr'><em>vttl,</em></span> <span class='ocrx_word' id='word_1_209' title='bbox 520 2538 601 2601; x_wconf 88' lang='lat' dir='ltr'><em>Cam</em></span> <span class='ocrx_word' id='word_1_210' title='bbox 615 2538 658 2600; x_wconf 82' lang='lat' dir='ltr'><em>ad</em></span> <span class='ocrx_word' id='word_1_211' title='bbox 672 2538 856 2622; x_wconf 79' lang='lat' dir='ltr'><em>regolarem,</em></span> <span class='ocrx_word' id='word_1_212' title='bbox 869 2537 886 2620; x_wconf 62' lang='lat' dir='ltr'><em>b</em></span> <span class='ocrx_word' id='word_1_213' title='bbox 901 2545 952 2618; x_wconf 84' lang='lat'><em>38.</em></span> <span class='ocrx_word' id='word_1_214' title='bbox 1098 2580 1100 2584; x_wconf 68' lang='lat'><em>,</em></span> 
     </span>
    </p>

    <p class='ocr_par' dir='ltr' id='par_1_14' title="bbox 142 2620 1241 2786">
     <span class='ocr_line' id='line_1_32' title="bbox 149 2620 1241 2710; baseline 0 -27"><span class='ocrx_word' id='word_1_215' title='bbox 149 2699 154 2710; x_wconf 36' lang='grc' dir='ltr'>Ι</span> <span class='ocrx_word' id='word_1_216' title='bbox 188 2638 217 2697; x_wconf 87' lang='lat'><em>5.</em></span> <span class='ocrx_word' id='word_1_217' title='bbox 236 2622 332 2704; x_wconf 85' lang='lat' dir='ltr'><em>Quod</em></span> <span class='ocrx_word' id='word_1_218' title='bbox 349 2623 391 2684; x_wconf 89' lang='lat' dir='ltr'><em>ad</em></span> <span class='ocrx_word' id='word_1_219' title='bbox 415 2621 627 2700; x_wconf 78' lang='lat' dir='ltr'><em>stabilitatem,</em></span> <span class='ocrx_word' id='word_1_220' title='bbox 651 2621 771 2684; x_wconf 88' lang='lat' dir='ltr'><em>dimitti</em></span> <span class='ocrx_word' id='word_1_221' title='bbox 794 2631 936 2704; x_wconf 83' lang='lat' dir='ltr'><em>possunt</em></span> <span class='ocrx_word' id='word_1_222' title='bbox 960 2622 1002 2683; x_wconf 89' lang='lat' dir='ltr'><em>ab</em></span> <span class='ocrx_word' id='word_1_223' title='bbox 1018 2621 1144 2684; x_wconf 90' lang='lat' dir='ltr'><em>Ordine</em></span> <span class='ocrx_word' id='word_1_224' title='bbox 1167 2620 1241 2683; x_wconf 89' lang='lat' dir='ltr'><em>sine</em></span> 
     </span>
     <span class='ocr_line' id='line_1_33' title="bbox 142 2703 481 2786; baseline 0.012 -24"><span class='ocrx_word' id='word_1_225' title='bbox 142 2703 287 2780; x_wconf 75' lang='lat' dir='ltr'><em>juridico</em></span> <span class='ocrx_word' id='word_1_226' title='bbox 304 2724 481 2786; x_wconf 89' lang='lat' dir='ltr'><em>processu.</em></span> 
     </span>
    </p>
   </div>
   <div class='ocr_carea' id='block_1_7' title="bbox 415 2886 967 2949">
    <p class='ocr_par' dir='ltr' id='par_1_15' title="bbox 415 2886 967 2949">
     <span class='ocr_line' id='line_1_34' title="bbox 415 2886 967 2949; baseline 0.004 -2"><span class='ocrx_word' id='word_1_227' title='bbox 415 2886 457 2948; x_wconf 91' lang='lat' dir='ltr'><em>ll.</em></span> <span class='ocrx_word' id='word_1_228' title='bbox 482 2889 533 2947; x_wconf 90' lang='lat' dir='ltr'><em>De</em></span> <span class='ocrx_word' id='word_1_229' title='bbox 560 2888 787 2949; x_wconf 88' lang='lat' dir='ltr'><em>Professione</em></span> <span class='ocrx_word' id='word_1_230' title='bbox 810 2888 967 2949; x_wconf 86' lang='lat' dir='ltr'><em>invalida</em></span> 
     </span>
    </p>
   </div>
   <div class='ocr_carea' id='block_1_8' title="bbox 150 3051 1242 3546">
    <p class='ocr_par' dir='ltr' id='par_1_16' title="bbox 150 3051 1242 3546">
     <span class='ocr_line' id='line_1_35' title="bbox 188 3051 1241 3135; baseline 0 -20"><span class='ocrx_word' id='word_1_231' title='bbox 188 3051 279 3115; x_wconf 79' lang='lat'><strong>215.</strong></span> <span class='ocrx_word' id='word_1_232' title='bbox 303 3074 328 3112; x_wconf 91' lang='lat'><em>1.</em></span> <span class='ocrx_word' id='word_1_233' title='bbox 347 3052 512 3134; x_wconf 86' lang='lat' dir='ltr'><em>Quamvis</em></span> <span class='ocrx_word' id='word_1_234' title='bbox 522 3058 577 3132; x_wconf 78' lang='lat' dir='ltr'><em>per</em></span> <span class='ocrx_word' id='word_1_235' title='bbox 593 3076 623 3115; x_wconf 89' lang='lat' dir='ltr'><em>se</em></span> <span class='ocrx_word' id='word_1_236' title='bbox 639 3056 665 3116; x_wconf 92' lang='lat' dir='ltr'><em>is</em></span> <span class='ocrx_word' id='word_1_237' title='bbox 682 3057 735 3135; x_wconf 91' lang='lat' dir='ltr'><em>qui</em></span> <span class='ocrx_word' id='word_1_238' title='bbox 753 3056 907 3118; x_wconf 88' lang='lat' dir='ltr'><em>corscius</em></span> <span class='ocrx_word' id='word_1_239' title='bbox 924 3055 986 3117; x_wconf 90' lang='lat' dir='ltr'><em>sibi</em></span> <span class='ocrx_word' id='word_1_240' title='bbox 1010 3061 1061 3116; x_wconf 87' lang='lat' dir='ltr'><em>est</em></span> <span class='ocrx_word' id='word_1_241' title='bbox 1084 3054 1241 3116; x_wconf 88' lang='lat' dir='ltr'><em>substan·</em></span> 
     </span>
     <span class='ocr_line' id='line_1_36' title="bbox 157 3132 1240 3216; baseline 0.002 -22"><span class='ocrx_word' id='word_1_242' title='bbox 157 3132 282 3194; x_wconf 89' lang='lat' dir='ltr'><em>tialiter</em></span> <span class='ocrx_word' id='word_1_243' title='bbox 304 3134 443 3195; x_wconf 90' lang='lat' dir='ltr'><em>vitiatae</em></span> <span class='ocrx_word' id='word_1_244' title='bbox 471 3137 689 3214; x_wconf 86' lang='lat' dir='ltr'><em>professionis</em></span> <span class='ocrx_word' id='word_1_245' title='bbox 720 3139 811 3197; x_wconf 90' lang='lat' dir='ltr'><em>nulla</em></span> <span class='ocrx_word' id='word_1_246' title='bbox 840 3147 998 3198; x_wconf 90' lang='lat' dir='ltr'><em>teneatur</em></span> <span class='ocrx_word' id='word_1_247' title='bbox 1024 3136 1240 3216; x_wconf 83' lang='lat' dir='ltr'><em>obligatione,</em></span> 
     </span>
     <span class='ocr_line' id='line_1_37' title="bbox 154 3216 1242 3298; baseline 0.003 -23"><span class='ocrx_word' id='word_1_248' title='bbox 154 3217 352 3296; x_wconf 92' lang='lat' dir='ltr'><em>plerumque</em></span> <span class='ocrx_word' id='word_1_249' title='bbox 379 3225 492 3276; x_wconf 87' lang='lat' dir='ltr'><em>tamen</em></span> <span class='ocrx_word' id='word_1_250' title='bbox 520 3216 668 3279; x_wconf 88' lang='lat' dir='ltr'><em>obstabit</em></span> <span class='ocrx_word' id='word_1_251' title='bbox 693 3218 875 3280; x_wconf 83' lang='lat' dir='ltr'><em>scandalum</em></span> <span class='ocrx_word' id='word_1_252' title='bbox 902 3240 943 3279; x_wconf 88' lang='lat' dir='ltr'><em>ne</em></span> <span class='ocrx_word' id='word_1_253' title='bbox 970 3220 1106 3298; x_wconf 88' lang='lat' dir='ltr'><em>proprio</em></span> <span class='ocrx_word' id='word_1_254' title='bbox 1133 3219 1242 3279; x_wconf 88' lang='lat' dir='ltr'><em>Marte</em></span> 
     </span>
     <span class='ocr_line' id='line_1_38' title="bbox 152 3298 1239 3381; baseline 0.001 -22"><span class='ocrx_word' id='word_1_255' title='bbox 152 3299 302 3360; x_wconf 89' lang='lat' dir='ltr'><em>discedat</em></span> <span class='ocrx_word' id='word_1_256' title='bbox 328 3299 446 3371; x_wconf 90' lang='lat' dir='ltr'><em>Imm0,</em></span> <span class='ocrx_word' id='word_1_257' title='bbox 464 3298 504 3358; x_wconf 88' lang='lat' dir='ltr'><em>de</em></span> <span class='ocrx_word' id='word_1_258' title='bbox 522 3300 623 3361; x_wconf 92' lang='lat' dir='ltr'><em>certis</em></span> <span class='ocrx_word' id='word_1_259' title='bbox 648 3301 738 3362; x_wconf 88' lang='lat' dir='ltr'><em>vitiis</em></span> <span class='ocrx_word' id='word_1_260' title='bbox 754 3301 784 3360; x_wconf 93' lang='lat' dir='ltr'><em>id</em></span> <span class='ocrx_word' id='word_1_261' title='bbox 801 3310 852 3362; x_wconf 70' lang='lat' dir='ltr'><em>ist</em></span> <span class='ocrx_word' id='word_1_262' title='bbox 865 3301 1007 3381; x_wconf 88' lang='lat' dir='ltr'><em>positive</em></span> <span class='ocrx_word' id='word_1_263' title='bbox 1019 3299 1239 3380; x_wconf 81' lang='lat' dir='ltr'><em>prohibitum,</em></span> 
     </span>
     <span class='ocr_line' id='line_1_39' title="bbox 153 3380 1242 3464; baseline 0 -22"><span class='ocrx_word' id='word_1_264' title='bbox 153 3390 190 3442; x_wconf 92' lang='lat' dir='ltr'><em>ut</em></span> <span class='ocrx_word' id='word_1_265' title='bbox 205 3380 232 3442; x_wconf 92' lang='lat' dir='ltr'><em>si</em></span> <span class='ocrx_word' id='word_1_266' title='bbox 249 3383 341 3442; x_wconf 90' lang='lat' dir='ltr'><em>nulla</em></span> <span class='ocrx_word' id='word_1_267' title='bbox 357 3380 399 3441; x_wconf 92' lang='lat' dir='ltr'><em>sit</em></span> <span class='ocrx_word' id='word_1_268' title='bbox 412 3381 578 3461; x_wconf 77' lang='lat' dir='ltr'><em>professio</em></span> <span class='ocrx_word' id='word_1_269' title='bbox 594 3382 637 3443; x_wconf 92' lang='lat' dir='ltr'><em>ob</em></span> <span class='ocrx_word' id='word_1_270' title='bbox 651 3382 874 3464; x_wconf 88' lang='lat' dir='ltr'><em>receptionem</em></span> <span class='ocrx_word' id='word_1_271' title='bbox 888 3383 1011 3443; x_wconf 90' lang='lat' dir='ltr'><em>factam</em></span> <span class='ocrx_word' id='word_1_272' title='bbox 1025 3383 1056 3442; x_wconf 95' lang='lat' dir='ltr'><em>in</em></span> <span class='ocrx_word' id='word_1_273' title='bbox 1072 3391 1242 3442; x_wconf 90' lang='lat' dir='ltr'><em>conventu</em></span> 
     </span>
     <span class='ocr_line' id='line_1_40' title="bbox 150 3461 1242 3546; baseline -0.001 -21"><span class='ocrx_word' id='word_1_274' title='bbox 150 3482 217 3525; x_wconf 92' lang='lat' dir='ltr'><em>non</em></span> <span class='ocrx_word' id='word_1_275' title='bbox 233 3464 422 3544; x_wconf 81' lang='lat' dir='ltr'><em>designato,</em></span> <span class='ocrx_word' id='word_1_276' title='bbox 449 3461 518 3526; x_wconf 91' lang='lat' dir='ltr'><em>Cfr.</em></span> <span class='ocrx_word' id='word_1_277' title='bbox 539 3463 577 3527; x_wconf 91' lang='lat' dir='ltr'><em>C.</em></span> <span class='ocrx_word' id='word_1_278' title='bbox 596 3464 725 3528; x_wconf 88' lang='lat' dir='ltr'><em>Urbani</em></span> <span class='ocrx_word' id='word_1_279' title='bbox 739 3481 813 3543; x_wconf 83' lang='lat' dir='ltr'><em>vrtr,</em></span> <span class='ocrx_word' id='word_1_280' title='bbox 830 3463 1002 3546; x_wconf 68' lang='lat' dir='ltr'><em>Religiosos</em></span> <span class='ocrx_word' id='word_1_281' title='bbox 1021 3462 1113 3531; x_wconf 83' lang='lat' dir='ltr'><em>oleos,</em></span> <span class='ocrx_word' id='word_1_282' title='bbox 1133 3485 1152 3525; x_wconf 88' lang='lat'><strong>2</strong></span> <span class='ocrx_word' id='word_1_283' title='bbox 1168 3483 1242 3545; x_wconf 86' lang='lat' dir='ltr'><em>apr.</em></span> 
     </span>
    </p>
   </div>
   <div class='ocr_carea' id='block_1_9' title="bbox 176 3702 1244 3823">
    <p class='ocr_par' dir='ltr' id='par_1_17' title="bbox 176 3702 1244 3823">
     <span class='ocr_line' id='line_1_41' title="bbox 176 3702 1223 3769; baseline -0.004 -16"><span class='ocrx_word' id='word_1_284' title='bbox 176 3703 250 3753; x_wconf 80' lang='lat' dir='ltr'><em>ler.</em></span> <span class='ocrx_word' id='word_1_285' title='bbox 264 3707 363 3756; x_wconf 79' lang='lat' dir='ltr'><em>Sentis.</em></span> <span class='ocrx_word' id='word_1_286' title='bbox 377 3720 421 3765; x_wconf 89' lang='lat' dir='ltr'><em>op.</em></span> <span class='ocrx_word' id='word_1_287' title='bbox 436 3706 482 3753; x_wconf 87' lang='lat' dir='ltr'><em>cit.</em></span> <span class='ocrx_word' id='word_1_288' title='bbox 496 3721 523 3765; x_wconf 90' lang='lat' dir='ltr'><em>p.</em></span> <span class='ocrx_word' id='word_1_289' title='bbox 535 3714 561 3753; x_wconf 77' lang='lat'><em>81</em></span> <span class='ocrx_word' id='word_1_290' title='bbox 575 3721 614 3766; x_wconf 87' lang='lat' dir='ltr'><em>sq.</em></span> <span class='ocrx_word' id='word_1_291' title='bbox 628 3707 671 3753; x_wconf 80' lang='lat' dir='ltr'><em>rel</em></span> <span class='ocrx_word' id='word_1_292' title='bbox 684 3706 848 3753; x_wconf 85' lang='lat' dir='ltr'><em>documenta</em></span> <span class='ocrx_word' id='word_1_293' title='bbox 860 3704 971 3752; x_wconf 84' lang='lat' dir='ltr'><em>alterius</em></span> <span class='ocrx_word' id='word_1_294' title='bbox 981 3702 1057 3752; x_wconf 91' lang='lat' dir='ltr'><em>torni.</em></span> <span class='ocrx_word' id='word_1_295' title='bbox 1073 3761 1077 3769; x_wconf 35' lang='grc' dir='ltr'>Ι</span> <span class='ocrx_word' id='word_1_296' title='bbox 1218 3760 1223 3769; x_wconf 39' lang='grc' dir='ltr'>Ι</span> 
     </span>
     <span class='ocr_line' id='line_1_42' title="bbox 177 3761 1244 3823; baseline -0.002 -13"><span class='ocrx_word' id='word_1_297' title='bbox 177 3765 230 3810; x_wconf 71' lang='lat' dir='ltr'><em>2ln</em></span> <span class='ocrx_word' id='word_1_298' title='bbox 242 3763 295 3810; x_wconf 87' lang='lat' dir='ltr'><em>hac</em></span> <span class='ocrx_word' id='word_1_299' title='bbox 311 3766 416 3818; x_wconf 79' lang='lat' dir='ltr'><em>Consi..</em></span> <span class='ocrx_word' id='word_1_300' title='bbox 430 3782 442 3812; x_wconf 86' lang='lat'>2</span> <span class='ocrx_word' id='word_1_301' title='bbox 455 3779 513 3823; x_wconf 89' lang='lat' dir='ltr'><em>apr.</em></span> <span class='ocrx_word' id='word_1_302' title='bbox 529 3773 594 3819; x_wconf 80' lang='lat'><em>1602,</em></span> <span class='ocrx_word' id='word_1_303' title='bbox 607 3763 675 3811; x_wconf 89' lang='lat' dir='ltr'><em>nihil</em></span> <span class='ocrx_word' id='word_1_304' title='bbox 687 3764 720 3811; x_wconf 89' lang='lat' dir='ltr'><em>de</em></span> <span class='ocrx_word' id='word_1_305' title='bbox 737 3773 826 3810; x_wconf 88' lang='lat' dir='ltr'><em>aetate</em></span> <span class='ocrx_word' id='word_1_306' title='bbox 837 3763 982 3815; x_wconf 81' lang='lat' dir='ltr'><em>statuitur:</em></span> <span class='ocrx_word' id='word_1_307' title='bbox 1004 3763 1050 3809; x_wconf 89' lang='lat' dir='ltr'><em>sed</em></span> <span class='ocrx_word' id='word_1_308' title='bbox 1072 3775 1099 3808; x_wconf 89' lang='lat' dir='ltr'><em>m</em></span> <span class='ocrx_word' id='word_1_309' title='bbox 1120 3761 1244 3808; x_wconf 89' lang='lat' dir='ltr'><em>Bullarto</em></span> 
     </span>
    </p>
   </div>
   <div class='ocr_carea' id='block_1_10' title="bbox 1287 1081 1427 1198">
    <p class='ocr_par' dir='ltr' id='par_1_18' title="bbox 1287 1081 1427 1198">
     <span class='ocr_line' id='line_1_43' title="bbox 1317 1081 1427 1140; baseline -0.009 -13"><span class='ocrx_word' id='word_1_310' title='bbox 1317 1081 1427 1140; x_wconf 78' lang='lat' dir='ltr'><em>Spatium</em></span> 
     </span>
     <span class='ocr_line' id='line_1_44' title="bbox 1287 1140 1404 1198; baseline 0 -14"><span class='ocrx_word' id='word_1_311' title='bbox 1287 1140 1404 1198; x_wconf 83' lang='lat' dir='ltr'><em>temporis,</em></span> 
     </span>
    </p>
   </div>
   <div class='ocr_carea' id='block_1_11' title="bbox 1289 1416 1397 1473">
    <p class='ocr_par' dir='ltr' id='par_1_19' title="bbox 1289 1416 1397 1473">
     <span class='ocr_line' id='line_1_45' title="bbox 1289 1416 1397 1473; baseline -0.037 -7"><span class='ocrx_word' id='word_1_312' title='bbox 1289 1416 1397 1473; x_wconf 87' lang='lat' dir='ltr'><em>Dilatio,</em></span> 
     </span>
    </p>
   </div>
   <div class='ocr_carea' id='block_1_12' title="bbox 1293 2322 1440 2385">
    <p class='ocr_par' dir='ltr' id='par_1_20' title="bbox 1293 2322 1440 2385">
     <span class='ocr_line' id='line_1_46' title="bbox 1293 2322 1440 2385; baseline -0.02 -11"><span class='ocrx_word' id='word_1_313' title='bbox 1293 2322 1440 2385; x_wconf 81' lang='lat' dir='ltr'><em>Disciplina,</em></span> 
     </span>
    </p>
   </div>
   <div class='ocr_carea' id='block_1_13' title="bbox 1293 2657 1415 2704">
    <p class='ocr_par' dir='ltr' id='par_1_21' title="bbox 1293 2657 1415 2704">
     <span class='ocr_line' id='line_1_47' title="bbox 1293 2657 1415 2704; baseline -0.008 0"><span class='ocrx_word' id='word_1_314' title='bbox 1293 2657 1415 2704; x_wconf 86' lang='lat' dir='ltr'><em>Dimissio</em></span> 
     </span>
    </p>
   </div>
   <div class='ocr_carea' id='block_1_14' title="bbox 1293 3097 1470 3318">
    <p class='ocr_par' dir='ltr' id='par_1_22' title="bbox 1293 3097 1470 3318">
     <span class='ocr_line' id='line_1_48' title="bbox 1325 3097 1448 3143; baseline -0.008 0"><span class='ocrx_word' id='word_1_315' title='bbox 1325 3097 1448 3143; x_wconf 83' lang='lat' dir='ltr'><em>Discessas</em></span> 
     </span>
     <span class='ocr_line' id='line_1_49' title="bbox 1293 3155 1467 3214; baseline -0.006 -13"><span class='ocrx_word' id='word_1_316' title='bbox 1293 3156 1391 3214; x_wconf 86' lang='lat' dir='ltr'><em>proprio</em></span> <span class='ocrx_word' id='word_1_317' title='bbox 1398 3155 1467 3200; x_wconf 81' lang='lat' dir='ltr'><em>Mar·</em></span> 
     </span>
     <span class='ocr_line' id='line_1_50' title="bbox 1297 3212 1470 3272; baseline 0.023 -16"><span class='ocrx_word' id='word_1_318' title='bbox 1297 3219 1316 3256; x_wconf 85' lang='lat' dir='ltr'><em>te</em></span> <span class='ocrx_word' id='word_1_319' title='bbox 1340 3212 1470 3272; x_wconf 79' lang='lat' dir='ltr'><em>plerumque</em></span> 
     </span>
     <span class='ocr_line' id='line_1_51' title="bbox 1295 3269 1451 3318; baseline 0.013 -3"><span class='ocrx_word' id='word_1_320' title='bbox 1295 3269 1451 3318; x_wconf 84' lang='lat' dir='ltr'><em>damnandus.</em></span> 
     </span>
    </p>
   </div>
   <div class='ocr_carea' id='block_1_15' title="bbox 156 3818 1337 3880">
    <p class='ocr_par' dir='ltr' id='par_1_23' title="bbox 156 3818 1337 3880">
     <span class='ocr_line' id='line_1_52' title="bbox 156 3818 1337 3880; baseline -0.002 -14"><span class='ocrx_word' id='word_1_321' title='bbox 156 3821 198 3873; x_wconf 79' lang='lat' dir='ltr'><em>(B.</em></span> <span class='ocrx_word' id='word_1_322' title='bbox 212 3821 244 3867; x_wconf 93' lang='lat' dir='ltr'><em>R.</em></span> <span class='ocrx_word' id='word_1_323' title='bbox 260 3829 279 3867; x_wconf 94' lang='lat' dir='ltr'><em>t.</em></span> <span class='ocrx_word' id='word_1_324' title='bbox 294 3828 314 3868; x_wconf 88' lang='grc'><em>5,</em></span> <span class='ocrx_word' id='word_1_325' title='bbox 329 3836 355 3880; x_wconf 89' lang='lat' dir='ltr'><em>p.</em></span> <span class='ocrx_word' id='word_1_326' title='bbox 374 3840 396 3869; x_wconf 90' lang='lat'><em>2.</em></span> <span class='ocrx_word' id='word_1_327' title='bbox 410 3836 436 3880; x_wconf 89' lang='lat' dir='ltr'><em>p.</em></span> <span class='ocrx_word' id='word_1_328' title='bbox 450 3827 512 3880; x_wconf 68' lang='lat' dir='ltr'><em>uti).</em></span> <span class='ocrx_word' id='word_1_329' title='bbox 530 3822 582 3869; x_wconf 83' lang='lat' dir='ltr'><em>snb</em></span> <span class='ocrx_word' id='word_1_330' title='bbox 600 3823 694 3870; x_wconf 89' lang='lat' dir='ltr'><em>eodem</em></span> <span class='ocrx_word' id='word_1_331' title='bbox 717 3836 839 3875; x_wconf 78' lang='lat' dir='ltr'><em>ntmero.</em></span> <span class='ocrx_word' id='word_1_332' title='bbox 861 3822 937 3868; x_wconf 84' lang='lat' dir='ltr'><em>varia</em></span> <span class='ocrx_word' id='word_1_333' title='bbox 955 3818 1111 3867; x_wconf 85' lang='lat' dir='ltr'><em>afferuntur’</em></span> <span class='ocrx_word' id='word_1_334' title='bbox 1123 3819 1241 3872; x_wconf 83' lang='lat' dir='ltr'><em>decreta,</em></span> <span class='ocrx_word' id='word_1_335' title='bbox 1330 3848 1337 3854; x_wconf 76' lang='lat'><em>..</em></span> 
     </span>
    </p>
   </div>
   <div class='ocr_carea' id='block_1_16' title="bbox 154 3876 1244 4462">
    <p class='ocr_par' dir='ltr' id='par_1_24' title="bbox 154 3876 1244 4058">
     <span class='ocr_line' id='line_1_53' title="bbox 154 3876 1244 3942; baseline 0.001 -19"><span class='ocrx_word' id='word_1_336' title='bbox 154 3878 225 3924; x_wconf 88' lang='lat' dir='ltr'><em>inter</em></span> <span class='ocrx_word' id='word_1_337' title='bbox 237 3892 308 3938; x_wconf 88' lang='lat' dir='ltr'><em>quae</em></span> <span class='ocrx_word' id='word_1_338' title='bbox 321 3881 351 3927; x_wconf 87' lang='lat' dir='ltr'><em>C.</em></span> <span class='ocrx_word' id='word_1_339' title='bbox 375 3881 433 3926; x_wconf 85' lang='lat' dir='ltr'><em>Cum</em></span> <span class='ocrx_word' id='word_1_340' title='bbox 450 3880 482 3926; x_wconf 84' lang='lat' dir='ltr'><em>ad</em></span> <span class='ocrx_word' id='word_1_341' title='bbox 499 3881 637 3938; x_wconf 71' lang='lat' dir='ltr'><em>rigationem,</em></span> <span class='ocrx_word' id='word_1_342' title='bbox 657 3881 729 3939; x_wconf 88' lang='lat' dir='ltr'><em>quod</em></span> <span class='ocrx_word' id='word_1_343' title='bbox 751 3884 800 3935; x_wconf 79' lang='lat'><em>§33</em></span> <span class='ocrx_word' id='word_1_344' title='bbox 818 3879 875 3925; x_wconf 85' lang='lat' dir='ltr'><em>vult</em></span> <span class='ocrx_word' id='word_1_345' title='bbox 895 3881 1045 3927; x_wconf 77' lang='lat' dir='ltr'><em>conversos</em></span> <span class='ocrx_word' id='word_1_346' title='bbox 1057 3891 1115 3942; x_wconf 84' lang='lat' dir='ltr'><em>esse</em></span> <span class='ocrx_word' id='word_1_347' title='bbox 1126 3895 1150 3925; x_wconf 85' lang='lat'><em>21</em></span> <span class='ocrx_word' id='word_1_348' title='bbox 1164 3876 1244 3940; x_wconf 85' lang='lat' dir='ltr'><em>annis</em></span> 
     </span>
     <span class='ocr_line' id='line_1_54' title="bbox 154 3935 1241 3997; baseline 0.001 -15"><span class='ocrx_word' id='word_1_349' title='bbox 154 3935 276 3994; x_wconf 84' lang='lat' dir='ltr'><em>majores.</em></span> <span class='ocrx_word' id='word_1_350' title='bbox 292 3937 335 3984; x_wconf 89' lang='lat' dir='ltr'><em>Ad</em></span> <span class='ocrx_word' id='word_1_351' title='bbox 351 3936 421 3985; x_wconf 90' lang='lat' dir='ltr'><em>banc</em></span> <span class='ocrx_word' id='word_1_352' title='bbox 439 3941 618 3992; x_wconf 78' lang='lat' dir='ltr'><em>sanctionem,</em></span> <span class='ocrx_word' id='word_1_353' title='bbox 630 3941 677 3985; x_wconf 85' lang='lat' dir='ltr'><em>etsi</em></span> <span class='ocrx_word' id='word_1_354' title='bbox 695 3952 743 3997; x_wconf 79' lang='lat' dir='ltr'><em>per</em></span> <span class='ocrx_word' id='word_1_355' title='bbox 753 3952 781 3984; x_wconf 90' lang='lat' dir='ltr'><em>se</em></span> <span class='ocrx_word' id='word_1_356' title='bbox 798 3937 922 3984; x_wconf 84' lang='lat' dir='ltr'><em>videatur</em></span> <span class='ocrx_word' id='word_1_357' title='bbox 932 3937 1140 3994; x_wconf 83' lang='lat' dir='ltr'><em>circumscripta</em></span> <span class='ocrx_word' id='word_1_358' title='bbox 1151 3936 1241 3992; x_wconf 85' lang='lat' dir='ltr'><em>Italia,</em></span> 
     </span>
     <span class='ocr_line' id='line_1_55' title="bbox 155 3993 1150 4058; baseline 0.002 -18"><span class='ocrx_word' id='word_1_359' title='bbox 155 3993 324 4040; x_wconf 86' lang='lat' dir='ltr'><em>referendam</em></span> <span class='ocrx_word' id='word_1_360' title='bbox 339 4005 469 4052; x_wconf 84' lang='lat' dir='ltr'><em>putamus</em></span> <span class='ocrx_word' id='word_1_361' title='bbox 481 4004 649 4054; x_wconf 83' lang='lat' dir='ltr'><em>praesentem</em></span> <span class='ocrx_word' id='word_1_362' title='bbox 662 3995 874 4054; x_wconf 71' lang='lat' dir='ltr'><em>dispositionem.</em></span> <span class='ocrx_word' id='word_1_363' title='bbox 1107 4050 1111 4058; x_wconf 32' lang='grc' dir='ltr'>Ι</span> <span class='ocrx_word' id='word_1_364' title='bbox 1146 4050 1150 4058; x_wconf 35' lang='grc' dir='ltr'>Ι</span> 
     </span>
    </p>

    <p class='ocr_par' dir='ltr' id='par_1_25' title="bbox 154 4051 1243 4408">
     <span class='ocr_line' id='line_1_56' title="bbox 183 4051 1243 4112; baseline 0.001 -15"><span class='ocrx_word' id='word_1_365' title='bbox 183 4052 235 4097; x_wconf 77' lang='lat'><em>³111</em></span> <span class='ocrx_word' id='word_1_366' title='bbox 252 4053 372 4106; x_wconf 80' lang='lat' dir='ltr'><em>Austria,</em></span> <span class='ocrx_word' id='word_1_367' title='bbox 392 4055 531 4101; x_wconf 88' lang='lat' dir='ltr'><em>sollemnis</em></span> <span class='ocrx_word' id='word_1_368' title='bbox 551 4054 683 4112; x_wconf 77' lang='lat' dir='ltr'><em>professio</em></span> <span class='ocrx_word' id='word_1_369' title='bbox 704 4053 837 4108; x_wconf 83' lang='lat' dir='ltr'><em>differtur,</em></span> <span class='ocrx_word' id='word_1_370' title='bbox 857 4052 916 4099; x_wconf 90' lang='lat' dir='ltr'><em>sine</em></span> <span class='ocrx_word' id='word_1_371' title='bbox 935 4065 1019 4100; x_wconf 89' lang='lat' dir='ltr'><em>causa</em></span> <span class='ocrx_word' id='word_1_372' title='bbox 1039 4051 1162 4110; x_wconf 81' lang='lat' dir='ltr'><em>speciali,</em></span> <span class='ocrx_word' id='word_1_373' title='bbox 1182 4055 1243 4109; x_wconf 88' lang='lat' dir='ltr'><em>post</em></span> 
     </span>
     <span class='ocr_line' id='line_1_57' title="bbox 155 4111 1243 4173; baseline 0 -17"><span class='ocrx_word' id='word_1_374' title='bbox 155 4121 257 4156; x_wconf 86' lang='lat' dir='ltr'><em>annum</em></span> <span class='ocrx_word' id='word_1_375' title='bbox 278 4116 314 4156; x_wconf 89' lang='lat'><em>25.</em></span> <span class='ocrx_word' id='word_1_376' title='bbox 340 4111 485 4158; x_wconf 86' lang='lat' dir='ltr'><em>Praeterea</em></span> <span class='ocrx_word' id='word_1_377' title='bbox 516 4112 663 4171; x_wconf 87' lang='lat' dir='ltr'><em>Episcopis</em></span> <span class='ocrx_word' id='word_1_378' title='bbox 689 4111 808 4169; x_wconf 85' lang='lat' dir='ltr'><em>ejusdem</em></span> <span class='ocrx_word' id='word_1_379' title='bbox 836 4111 947 4157; x_wconf 88' lang='lat' dir='ltr'><em>ditionis</em></span> <span class='ocrx_word' id='word_1_380' title='bbox 972 4123 1131 4173; x_wconf 84' lang='lat' dir='ltr'><em>concessum</em></span> <span class='ocrx_word' id='word_1_381' title='bbox 1153 4118 1192 4155; x_wconf 88' lang='lat' dir='ltr'><em>est</em></span> <span class='ocrx_word' id='word_1_382' title='bbox 1213 4115 1243 4156; x_wconf 90' lang='lat' dir='ltr'><em>ut</em></span> 
     </span>
     <span class='ocr_line' id='line_1_58' title="bbox 154 4165 1240 4232; baseline 0.002 -21"><span class='ocrx_word' id='word_1_383' title='bbox 154 4165 323 4213; x_wconf 87' lang='lat' dir='ltr'><em>monialibus</em></span> <span class='ocrx_word' id='word_1_384' title='bbox 346 4167 518 4226; x_wconf 74' lang='lat' dir='ltr'><em>indulgerent</em></span> <span class='ocrx_word' id='word_1_385' title='bbox 530 4175 592 4215; x_wconf 85' lang='lat' dir='ltr'><em>vota</em></span> <span class='ocrx_word' id='word_1_386' title='bbox 604 4171 731 4230; x_wconf 76' lang='lat' dir='ltr'><em>sanrplicm,</em></span> <span class='ocrx_word' id='word_1_387' title='bbox 743 4177 896 4215; x_wconf 80' lang='lat' dir='ltr'><em>nontamen</em></span> <span class='ocrx_word' id='word_1_388' title='bbox 908 4169 1240 4232; x_wconf 60' lang='lat' dir='ltr'><em>tiltraapaetatrsannum</em></span> 
     </span>
     <span class='ocr_line' id='line_1_59' title="bbox 155 4222 1241 4287; baseline 0.002 -17"><span class='ocrx_word' id='word_1_389' title='bbox 155 4222 210 4270; x_wconf 90' lang='lat' dir='ltr'><em>Cfr.</em></span> <span class='ocrx_word' id='word_1_390' title='bbox 225 4224 323 4280; x_wconf 86' lang='lat' dir='ltr'><em>Sentis,</em></span> <span class='ocrx_word' id='word_1_391' title='bbox 335 4240 353 4285; x_wconf 93' lang='lat' dir='ltr'><em>p</em></span> <span class='ocrx_word' id='word_1_392' title='bbox 373 4233 396 4272; x_wconf 76' lang='lat'><em>8·</em></span> <span class='ocrx_word' id='word_1_393' title='bbox 410 4237 473 4273; x_wconf 85' lang='lat' dir='ltr'><em>nota</em></span> <span class='ocrx_word' id='word_1_394' title='bbox 486 4242 491 4280; x_wconf 76' lang='grc' dir='ltr'>ς</span> <span class='ocrx_word' id='word_1_395' title='bbox 505 4227 665 4287; x_wconf 84' lang='lat' dir='ltr'><em>Bizzarri.p</em></span> <span class='ocrx_word' id='word_1_396' title='bbox 687 4244 727 4286; x_wconf 82' lang='lat'><em>792</em></span> <span class='ocrx_word' id='word_1_397' title='bbox 749 4227 771 4274; x_wconf 91' lang='lat' dir='ltr'>F</span> <span class='ocrx_word' id='word_1_398' title='bbox 773 4228 890 4272; x_wconf 89' lang='lat' dir='ltr'><em>acultate</em></span> <span class='ocrx_word' id='word_1_399' title='bbox 902 4233 990 4272; x_wconf 90' lang='lat' dir='ltr'><em>tamen</em></span> <span class='ocrx_word' id='word_1_400' title='bbox 1001 4235 1052 4271; x_wconf 85' lang='lat' dir='ltr'><em>ista</em></span> <span class='ocrx_word' id='word_1_401' title='bbox 1062 4225 1191 4283; x_wconf 84' lang='lat' dir='ltr'><em>Episcopi</em></span> <span class='ocrx_word' id='word_1_402' title='bbox 1201 4231 1241 4272; x_wconf 83' lang='lat' dir='ltr'><em>uti</em></span> 
     </span>
     <span class='ocr_line' id='line_1_60' title="bbox 154 4283 1240 4344; baseline 0.003 -18"><span class='ocrx_word' id='word_1_403' title='bbox 154 4294 209 4327; x_wconf 88' lang='lat' dir='ltr'><em>non</em></span> <span class='ocrx_word' id='word_1_404' title='bbox 230 4284 316 4329; x_wconf 86' lang='lat' dir='ltr'><em>solent</em></span> <span class='ocrx_word' id='word_1_405' title='bbox 340 4285 409 4331; x_wconf 89' lang='lat' dir='ltr'><em>Sunt</em></span> <span class='ocrx_word' id='word_1_406' title='bbox 430 4292 456 4330; x_wconf 85' lang='lat' dir='ltr'><em>et</em></span> <span class='ocrx_word' id='word_1_407' title='bbox 478 4286 533 4331; x_wconf 85' lang='lat' dir='ltr'><em>alia</em></span> <span class='ocrx_word' id='word_1_408' title='bbox 551 4286 661 4332; x_wconf 83' lang='lat' dir='ltr'><em>Indulra</em></span> <span class='ocrx_word' id='word_1_409' title='bbox 679 4283 837 4344; x_wconf 79' lang='lat' dir='ltr'><em>pecunaria.</em></span> <span class='ocrx_word' id='word_1_410' title='bbox 860 4284 914 4332; x_wconf 90' lang='lat' dir='ltr'><em>Cfr.</em></span> <span class='ocrx_word' id='word_1_411' title='bbox 936 4299 951 4326; x_wconf 93' lang='lat' dir='ltr'>v</span> <span class='ocrx_word' id='word_1_412' title='bbox 983 4296 1020 4339; x_wconf 69' lang='lat' dir='ltr'><em>pr.</em></span> <span class='ocrx_word' id='word_1_413' title='bbox 1036 4283 1108 4335; x_wconf 90' lang='lat' dir='ltr'><em>Piat,</em></span> <span class='ocrx_word' id='word_1_414' title='bbox 1132 4299 1140 4327; x_wconf 90' lang='lat' dir='ltr'><em>r</em></span> <span class='ocrx_word' id='word_1_415' title='bbox 1163 4283 1240 4339; x_wconf 77' lang='lat' dir='ltr'><em>edit,</em></span> 
     </span>
     <span class='ocr_line' id='line_1_61' title="bbox 155 4339 1240 4408; baseline 0.004 -23"><span class='ocrx_word' id='word_1_416' title='bbox 155 4352 180 4397; x_wconf 90' lang='lat' dir='ltr'><em>p.</em></span> <span class='ocrx_word' id='word_1_417' title='bbox 197 4347 237 4386; x_wconf 79' lang='lat'><em>125</em></span> <span class='ocrx_word' id='word_1_418' title='bbox 249 4349 304 4386; x_wconf 89' lang='lat' dir='ltr'><em>not.</em></span> <span class='ocrx_word' id='word_1_419' title='bbox 319 4347 365 4388; x_wconf 72' lang='lat' dir='ltr'><em>set</em></span> <span class='ocrx_word' id='word_1_420' title='bbox 375 4355 401 4399; x_wconf 90' lang='lat' dir='ltr'><em>p.</em></span> <span class='ocrx_word' id='word_1_421' title='bbox 417 4349 466 4389; x_wconf 85' lang='lat'><em>128.</em></span> <span class='ocrx_word' id='word_1_422' title='bbox 478 4342 609 4408; x_wconf 72' lang='lat' dir='ltr'><em>Regimen</em></span> <span class='ocrx_word' id='word_1_423' title='bbox 619 4343 749 4408; x_wconf 71' lang='lat' dir='ltr'><em>Aitstriae</em></span> <span class='ocrx_word' id='word_1_424' title='bbox 768 4343 877 4406; x_wconf 83' lang='lat' dir='ltr'><em>exponit</em></span> <span class='ocrx_word' id='word_1_425' title='bbox 888 4339 1016 4395; x_wconf 89' lang='lat' dir='ltr'><em>Aichner‚</em></span> <span class='ocrx_word' id='word_1_426' title='bbox 1029 4354 1055 4399; x_wconf 94' lang='lat' dir='ltr'><em>p.</em></span> <span class='ocrx_word' id='word_1_427' title='bbox 1069 4355 1121 4398; x_wconf 86' lang='lat'><em>479,</em></span> <span class='ocrx_word' id='word_1_428' title='bbox 1134 4349 1189 4387; x_wconf 87' lang='lat' dir='ltr'><em>not.</em></span> <span class='ocrx_word' id='word_1_429' title='bbox 1204 4357 1240 4389; x_wconf 81' lang='lat' dir='ltr'><em>ra.</em></span> 
     </span>
    </p>

    <p class='ocr_par' dir='ltr' id='par_1_26' title="bbox 184 4397 1016 4462">
     <span class='ocr_line' id='line_1_62' title="bbox 184 4397 1016 4462; baseline 0.001 -18"><span class='ocrx_word' id='word_1_430' title='bbox 184 4399 194 4430; x_wconf 87' lang='lat'><strong>⁴</strong></span> <span class='ocrx_word' id='word_1_431' title='bbox 205 4397 275 4445; x_wconf 90' lang='lat' dir='ltr'><em>Sunt</em></span> <span class='ocrx_word' id='word_1_432' title='bbox 285 4397 383 4447; x_wconf 90' lang='lat' dir='ltr'><em>domus</em></span> <span class='ocrx_word' id='word_1_433' title='bbox 395 4413 465 4460; x_wconf 89' lang='lat' dir='ltr'><em>quae</em></span> <span class='ocrx_word' id='word_1_434' title='bbox 478 4414 544 4459; x_wconf 84' lang='lat' dir='ltr'><em>ipsis</em></span> <span class='ocrx_word' id='word_1_435' title='bbox 555 4415 640 4462; x_wconf 81' lang='lat' dir='ltr'><em>magis</em></span> <span class='ocrx_word' id='word_1_436' title='bbox 651 4401 830 4449; x_wconf 84' lang='lat' dir='ltr'><em>informandrs</em></span> <span class='ocrx_word' id='word_1_437' title='bbox 841 4401 1016 4460; x_wconf 88' lang='lat' dir='ltr'><em>deputantur.</em></span> 
     </span>
    </p>
   </div>
   <div class='ocr_carea' id='block_1_17' title="bbox 1158 4494 1174 4545">
    <p class='ocr_par' dir='ltr' id='par_1_27' title="bbox 1158 4494 1174 4545">
     <span class='ocr_line' id='line_1_63' title="bbox 1158 4494 1174 4545; baseline 0 0"><span class='ocrx_word' id='word_1_438' title='bbox 1158 4494 1174 4545; x_wconf 88' lang='lat'><strong>9</strong></span> 
     </span>
    </p>
   </div>
   <div class='ocr_carea' id='block_1_18' title="bbox 0 0 1596 5004">
    <p class='ocr_par' dir='ltr' id='par_1_28' title="bbox 0 0 1596 5004">
     <span class='ocr_line' id='line_1_64' title="bbox 0 0 1596 5004; baseline 0 0"><span class='ocrx_word' id='word_1_439' title='bbox 0 0 1596 5004; x_wconf 95' lang='lat' dir='ltr'><em> </em></span> 
     </span>
    </p>
   </div>
  </div>
 </body>
</html>
