3138 5014
140 482 324 563 [459-464]
548 503 585 538 nr
600 503 635 538 sa.
653 500 839 542 auenaarsrra

138 643 280 701 externa
311 659 387 702 cum
422 638 577 703 Ecclesia
606 639 849 719 requireretur
868 639 1108 720 reconciliatio,
1140 659 1226 722 quae

137 721 298 805 Episcopi
313 730 351 785 ut
364 722 575 804 Inquisitoris
588 722 659 784 nati
670 723 874 786 auctoritate
887 728 939 786 est
948 724 1110 794 facienda,
1122 724 1226 806 Regu-

137 803 218 866 larcs
229 804 317 886 plene
341 804 472 888 exempti
493 803 624 888 possint
647 810 680 868 et
702 804 839 868 dubium
862 808 994 871 solvere
1013 812 1046 870 et
1062 825 1225 890 personae

137 887 199 950 sibi
217 888 354 952 omnino
380 887 533 951 subditae
551 886 822 951 condicionatum
837 887 992 954 conferre
1007 889 1221 972 baptismum.

136 970 235 1033 Patet
250 970 325 1033 aliis
344 970 535 1034 adeundum
552 989 626 1032 esse
640 970 827 1054 parochum
845 978 878 1034 et
893 972 1110 1055 Episcopum.

178 1054 267 1118 461.
294 1057 347 1116 De
360 1055 651 1118 confirmatione.
669 1053 705 1116 Si
721 1053 777 1135 qui
792 1054 860 1116 sint
876 1054 1095 1119 confirmandi
1113 1055 1224 1136 Regu-

136 1135 237 1214 lares,
263 1135 356 1199 adire
372 1136 495 1208 debent
517 1135 721 1219 Episcopum
738 1135 907 1215 domicilii,
926 1138 947 1201 i.
964 1156 994 1202 e.
1011 1138 1075 1201 loci
1091 1156 1224 1201 monas·

137 1218 234 1296 terii;
260 1217 323 1282 nisi
351 1221 543 1303 suscepturi
571 1219 639 1281 sint
654 1218 810 1284 Ordines
838 1220 1027 1313 Episcopus
1053 1219 1142 1283 enim
1158 1219 1225 1301 ,qui

135 1301 293 1382 legitime,
306 1302 385 1384 jure
402 1303 537 1386 proprie
553 1302 608 1366 vel
621 1302 786 1383 delegato,
801 1301 945 1365 Ordines
960 1303 1103 1378 confert,
1121 1302 1225 1365 habet

135 1387 189 1528 pel
208 1383 384 1466 judicatur
408 1384 595 1448 obtinuisse
618 1383 814 1448 facultatem
830 1385 1051 1449 confirmandi
1066 1385 1225 1448 ordinan-

157 1486 226 1529 um.

176 1548 321 1613 Perinde
337 1549 392 1614 hic
410 1549 586 1614 dicendum
601 1554 653 1612 est
669 1549 709 1613 de
724 1549 901 1632 Religiosis
916 1550 984 1614 late
1000 1551 1109 1615 dictis.

549 1891 746 1974 CAPUT
773 1892 810 1972 Il

423 2097 481 2162 ur
513 2096 580 2162 ss.
614 2093 948 2207 rucnnnrsrrn

275 2286 471 2338 nnmcurus
493 2274 582 2339 ulle
604 2273 657 2340 88.
682 2271 870 2340 [uelaridta
892 2269 1087 2354 suscipienda

176 2447 265 2538 462.
283 2446 308 2509 I.
327 2448 433 2528 Apud
449 2448 548 2510 viros
565 2449 758 2528 regulares.
779 2469 806 2511 1.
819 2446 880 2532 Jus
896 2449 947 2539 est
959 2443 1109 2538 ‚Praelati
1126 2463 1224 2525 regu·

134 2530 214 2592 laris
238 2529 415 2593 ordinandi
439 2529 581 2593 subditis
603 2549 693 2593 risum
719 2530 755 2593 S.
780 2528 1011 2622 Eucharistiae.
1038 2527 1076 2590 In
1099 2545 1224 2619 quare

133 2617 361 2696 opportunum
375 2632 435 2707 per
446 2633 483 2676 se
496 2620 548 2676 est
563 2616 706 2677 multum
719 2610 991 2706 deferrejudrcro
1005 2608 1222 2703 Confessarn.

175 2714 205 2758 2.
235 2696 487 2842 {partepartoncm
504 2693 682 2842 populatam
704 2703 738 2760 et
762 2698 917 2761 Vratrcum
940 2713 1010 2757 suls
1032 2700 1134 2757 ettam
1158 2693 1223 2754 dis·

133 2798 237 2860 pensa
299 2799 391 2843 raea
409 2799 449 2842 us
465 2799 548 2860 regu
562 2799 643 2843 ans.

174 2860 356 3000 {tipcrantes
379 2864 553 2942 regulares
570 2861 693 2944 ubique
715 2862 866 2944 paschali
882 2866 1064 2945 praecepto
1080 2864 1222 2941 possunt

135 2959 173 3002 sa
190 2961 217 3002 rs
232 2961 342 3004 acere.

124 3097 125 3100 Ἴ
176 3021 240 3103 Qui
266 3028 353 3084 extra
379 3022 504 3086 domum
530 3023 659 3087 Ordinis
687 3025 839 3104 graviter
866 3024 1072 3087 decumbunt
1097 3022 1222 3086 viatico

134 3103 303 3166 muniendi
326 3111 405 3167 sunt
428 3106 471 3167 ab
494 3124 534 3166 eo
558 3105 670 3185 quiin
693 3111 767 3169 loco
783 3105 885 3169 habet
898 3106 1185 3188 jurisdictionem:
1202 3125 1222 3166 a

134 3187 285 3268 parocho
315 3186 342 3249 si
380 3186 413 3250 in
450 3187 550 3250 domo
587 3189 723 3270 privata
758 3189 812 3251 vel
843 3186 1123 3269 Congregationis
1154 3205 1221 3248 non

134 3277 308 3352 exemptae
332 3269 354 3348 ¹,
378 3289 400 3332 a
422 3269 603 3354 Superiore
626 3270 654 3333 si
677 3271 711 3333 in
734 3271 843 3333 altero
866 3269 1083 3333 monasterio.
1109 3269 1222 3351 Quare

135 3351 291 3436 proprius
303 3353 513 3432 aegrotantis
521 3353 700 3418 Praelatus
713 3373 779 3416 non
792 3351 926 3436 poterit,
938 3352 1010 3415 sine
1021 3351 1160 3434 parochi
1168 3352 1222 3413 vel

135 3435 326 3518 Superioris
341 3435 489 3515 licentia,
506 3435 640 3498 subdito
656 3436 720 3500 hoc
742 3441 993 3499 sacramentum
1015 3432 1220 3498 ministrare.

175 3520 265 3584 463.
296 3518 339 3581 ΙΙ.
367 3519 671 3598 congregationes
698 3521 880 3584 clericales
905 3527 1093 3597 exemptae
1123 3515 1221 3579 simili
1291 3592 1298 3602 ⁸

134 3607 213 3663 sunt
237 3600 433 3664 condicione
457 3620 523 3682 qua
548 3602 745 3682 Regulares

175 3685 265 3749 464.
282 3683 341 3747 III.
359 3687 400 3746 In
423 3685 769 3764 congregationibus
785 3704 856 3746 non
872 3683 1049 3761 exemptis
1066 3683 1129 3744 sed
1152 3682 1220 3743 cle·

134 3771 299 3830 ricorum.
324 3788 352 3831 1.
369 3767 511 3830 Praeter
535 3786 709 3830 accessum
726 3768 782 3848 qui
799 3768 915 3848 regula
938 3765 1107 3839 definitur,
1132 3763 1221 3844 quis·

134 3869 212 3911 nam
236 3849 401 3912 concedat
424 3869 557 3913 sacram
580 3852 852 3913 communionem
876 3848 1038 3930 imprimis
1053 3866 1072 3909 e
1088 3847 1221 3910 Consti·

133 3931 320 3995 tutionibus
348 3939 399 3994 est
429 3932 627 3997 eruendum.
662 3933 758 4017 Quae
784 3932 811 3995 si
842 3932 974 4009 sileant,
1005 3950 1059 3992 res
1089 3930 1222 3993 videtur

133 4015 175 4075 ad
192 4014 409 4098 Superiorem
425 4015 516 4078 etad
533 4014 787 4079 Confessarium
802 4033 910 4096 aeque
933 4020 1097 4095 spectare.
1115 4012 1221 4076 Sacra

134 4095 224 4158 enirn
241 4097 431 4161 communio
448 4097 481 4160 in
497 4097 537 4161 iis
553 4105 605 4162 est
620 4117 706 4180 quae
724 4116 785 4181 per
800 4117 835 4160 se
851 4095 1006 4160 omnibus
1021 4095 1219 4173 offeruntur,

163 4350 239 4399 tclr.
252 4351 348 4408 Melot,
360 4365 388 4399 n.
401 4360 451 4410 234.
470 4351 498 4401 Si
509 4357 601 4403 tamen
616 4352 694 4408 alter,
711 4365 737 4398 v.
748 4363 787 4409 gr.
805 4352 842 4400 Su
863 4347 944 4406 erior,
955 4348 1131 4414 Capelianus,
1141 4345 1220 4414 habi·

134 4409 244 4456 tualiter
255 4407 294 4456 ibi
306 4408 409 4457 muniis
419 4408 628 4468 parochialibus
643 4409 801 4470 fungantur,
812 4423 829 4459 a
859 4409 934 4468 ipsos
944 4412 1037 4464 etlam,
1049 4419 1077 4455 nr
1089 4405 1221 4464 fallimur,

134 4464 271 4525 spectabit
281 4465 349 4515 haec
362 4465 540 4526 dispensatio.

1281 708 1282 712 ,
1308 659 1438 719 Cuiusnam

1279 720 1422 766 auctoritato

1279 777 1312 880 51¹1}
1319 781 1437 880 'peragen-

1298 1055 1319 1102 Α
1337 1069 1439 1116 quonam

1258 1144 1261 1149 -
1278 1114 1329 1159 sint
1354 1113 1438 1218 coppr-

1278 1170 1363 1217 mandi
1403 1187 1424 1218 e·

1276 1227 1379 1286 gulam,

1285 1509 1289 1519 ι
1307 1449 1424 1520 Religiosi

1279 1522 1305 1555 m
1316 1522 1407 1556 univer-

1278 1580 1328 1612 sum
1339 1567 1352 1612 ?
1490 1569 1492 1574 '

1298 2454 1336 2521 De
1347 2452 1437 2513 regula·

1276 2525 1342 2559 rrum
1379 2525 1438 2560 com·

1278 2571 1387 2617 munione

1278 2633 1395 2676 consueta.

1307 2709 1346 2758 Dc
1374 2722 1434 2756 com·

1278 2769 1388 2814 munione

1274 2825 1388 2885 paschali
1417 2828 1438 2870 et

1279 2885 1378 2933 viatico.

1310 2965 1404 3026 Quidsi

1278 3023 1438 3085 iterfaciant?

1307 3106 1339 3153 st
1349 3111 1418 3154 extro

1277 3163 1370 3211 domum
1399 3179 1436 3211 ae·

1275 3223 1388 3280 grolent?

1305 3361 1343 3428 Β(
1372 3376 1435 3430 cont·

1276 3432 1386 3466 munione
1409 3435 1435 3466 m

1276 3475 1414 3545 clericorum

1290 3733 1321 3780 In
1333 3733 1434 3794 Congre-

1274 3793 1416 3850 gationitues

1276 3851 1417 3898 clericorum*

1276 3922 1324 4012 pon
1349 3911 1435 3969 exemp

1287 3980 1317 4015 rs.
