3148 5004
1105 1 1159 4 'w'
1208 0 1377 13 ’;..τι--

1143 27 1155 37 ἣν

1274 59 1276 64 Δ
1336 61 1341 68 =
1570 52 1574 77 l

1371 95 1386 107 ’1

1572 150 1574 161 Ι

1481 260 1494 273 a

1542 302 1548 311 ι

1 528 2 532 ’
94 477 323 601 'isso-114]
401 545 403 550 ·
442 539 636 575 unrnreeuua
652 534 932 595 nonoauou1.nn1unr
1199 505 1239 568 69

148 691 189 736 ex
218 672 403 736 redditibus
434 678 468 734 et
493 669 706 752 eleenosynis
733 667 777 731 ali
804 671 942 748 queant.
972 665 1009 729 C.
1038 665 1119 729 Cinn
1145 663 1235 733 alias,

149 757 303 846 Gregorii
320 773 392 848 xv.

422 912 482 976 IV.
506 915 559 973 De
582 911 618 973 vi
641 912 758 973 iactae
782 909 967 970 facultatis

192 1085 277 1148 111.
295 1083 371 1146 Huc
389 1082 522 1166 proprie
539 1086 694 1164 spectare
710 1080 844 1141 videtur
860 1079 959 1141 venia
974 1074 1139 1156 religiosis
1159 1076 1238 1137 data

149 1164 298 1246 erigendi
323 1176 539 1242 conventum,
558 1173 595 1225 ut
618 1163 673 1244 jus
701 1162 880 1241 acquirant
907 1159 1042 1222 vivendi
1068 1158 1102 1221 in
1125 1160 1237 1238 aliquo

148 1249 223 1310 loco
239 1249 425 1311 secundum
443 1249 534 1327 leges
551 1255 584 1308 et
599 1246 700 1308 finem
716 1245 768 1306 sui
784 1242 947 1306 Instituti.

193 1332 278 1396 112.
306 1333 436 1411 Itaque,
466 1329 544 1410 quia
560 1327 700 1390 Ecclesia
725 1347 803 1409 pars
826 1326 1041 1389 existimatur
1063 1323 1237 1404 integrans

149 1415 356 1491 monasterii,
374 1413 474 1475 venia
487 1412 687 1493 aperiendae
699 1411 873 1473 Ecclesiae
887 1428 947 1470 seu
960 1407 1101 1470 oratorii
1114 1405 1237 1487 publici

149 1497 236 1577 quod
253 1497 480 1579 conjungatur
497 1495 704 1557 monasterio
721 1493 915 1554 continetur
932 1492 1003 1572 ipsa
1020 1489 1156 1566 licentia
1173 1489 1237 1552 eri·

147 1578 246 1659 gendi
276 1579 532 1653 monasterium,
557 1577 632 1654 nisi,
660 1577 789 1659 justam
816 1575 858 1636 ob
884 1593 1035 1650 causam,
1068 1572 1237 1634 deminute

147 1668 279 1723 tantum
296 1662 425 1722 indulta
441 1659 543 1721 fuerit
559 1658 754 1722 monasterii
772 1658 910 1720 erectio,
934 1657 983 1719 De
999 1653 1238 1718 Buck·Tinne·

147 1742 285 1819 broeck,
303 1743 446 1804 Examen
462 1741 653 1818 historicam,
671 1761 700 1803 c.
719 1763 770 1818 21,
788 1761 822 1803 n.
844 1739 1095 1815 12-163Plat11,
1112 1757 1146 1819 p.
1164 1759 1236 1820 277.

190 1824 290 1906 Quod
301 1843 382 1886 vero
398 1824 440 1888 ad
452 1824 638 1900 Ecclesiae,
650 1825 800 1885 oratoria
814 1827 967 1902 separata,
978 1834 1058 1894 seu,
1076 1826 1113 1883 ut
1129 1821 1236 1900 aiunt,

147 1919 263 1968 erecta
278 1906 310 1968 in
339 1910 413 1968 loco
441 1925 509 1969 non
532 1913 698 1987 exempt0,
717 1905 962 1968 sollemnitates
974 1904 1109 1965 eaedem
1124 1912 1238 1983 postu·

148 1991 262 2051 lantur
278 1989 399 2069 quibus
416 2008 500 2070 opus
523 1991 633 2050 estad
662 1989 859 2068 erigendum
883 1995 1100 2048 conventum.
1130 1986 1239 2049 Urba·

147 2091 211 2134 nus
234 2088 309 2150 vm,
328 2072 366 2135 C.
383 2072 543 2133 Ronianns
557 2069 716 2150 Pontifex,
737 2076 776 2133 28
793 2089 872 2148 aug.
893 2073 984 2150 1624.

189 2155 240 2216 De
256 2157 320 2218 hoc
333 2160 535 2235 argumento
559 2153 621 2216 cfr.
644 2152 823 2233 Treugott,
840 2152 885 2212 Isi
907 2148 957 2211 die
978 2148 1166 2211 Erianbniss
1189 2151 1240 2211 des

148 2236 337 2299 Ordinarins
353 2235 549 2318 noiiincndig
564 2253 635 2297 zum
653 2236 725 2297 Bau
741 2235 795 2296 der
811 2231 1050 2309 Ordcnkirciien,
1066 2231 1098 2293 in
1112 2230 1238 2310 Archiv,

148 2324 173 2381 t.
192 2324 243 2396 26,
261 2339 293 2400 p.
315 2341 372 2398 130
388 2338 468 2401 sqq.

366 2500 409 2564 V.
434 2503 486 2562 De
510 2503 708 2564 Mutatione
732 2511 873 2563 erectae
893 2502 1023 2562 domus
1074 2547 1076 2552 .

188 2683 343 2744 Mutatio
356 2683 477 2764 triplex
490 2689 541 2746 est
553 2703 687 2762 genere.
701 2684 853 2764 Namque
866 2690 917 2746 est
924 2682 1085 2763 formalia
1100 2683 1239 2746 mutatis

147 2763 224 2841 fine,
253 2765 387 2843 usibus,
415 2769 470 2829 vel
495 2766 677 2845 maier-iniis,
695 2786 755 2848 per
770 2765 1001 2847 trepidationem
1024 2774 1084 2828 aut
1106 2764 1239 2827 transla-

147 2848 271 2910 tionem.
1210 2889 1212 2892 -

193 2931 277 2993 113.
294 2932 344 2992 De
357 2930 530 2992 Mutatione
536 2930 681 3012 formali,
699 2932 746 2993 sic
764 2932 912 3013 disponit
929 2930 967 2994 C.
981 2933 1139 2994 Romanos
1157 2933 1238 3016 Pon·

148 3010 253 3090 iiJices,
280 3012 416 3092 §.Fieri
440 3012 536 3074 sciet:
562 3041 575 3070 «
602 3014 779 3095 Religiosis
803 3014 973 3076 sodalibus
1000 3035 1068 3077 non
1095 3016 1174 3076 licet
1200 3023 1240 3075 ca

147 3111 233 3174 quae
249 3092 404 3154 instituta
419 3101 498 3155 sunt
515 3097 702 3173 (coenobia,
721 3096 873 3176 collegia,
892 3100 984 3176 etc),
1002 3098 1035 3160 in
1052 3097 1136 3158 alios
1156 3115 1238 3158 usus

147 3181 347 3236 convertere
364 3174 490 3254 absque
513 3196 673 3258 expressa
695 3178 831 3240 licentia
854 3178 950 3240 Sedis
974 3178 1188 3261 Apostolicae
1205 3185 1239 3239 et

147 3255 317 3320 Ordinarii
343 3257 419 3332 loci,
444 3257 506 3319 nisi
533 3267 655 3338 agatur
682 3260 722 3321 de
749 3261 982 3337 conversione,
1012 3281 1110 3340 quae,
1135 3261 1238 3321 salvis

1570 314 1574 403 Ι

1307 1007 1441 1069 Oilentaja

1292 1065 1451 1170 cullatepuid·

1292 1138 1349 1170 neam
1360 1139 1383 1169 re
1394 1138 1451 1182 igro-

1292 1183 1327 1246 sis
1339 1182 1451 1249 'oblingat

1292 1254 1363 1290 iuras.

1322 1323 1418 1370 Erectio

1293 1381 1411 1446 Ecclesiae

1293 1445 1438 1498 constanciae,

1294 1829 1439 1889 separatae.

1326 2664 1427 2746 Tripleit

1294 2747 1396 2794 miliario
1411 2742 1452 2792 do·

1294 2819 1355 2852 nius.

1294 2943 1331 2989 Dc
1341 2939 1454 3000 formali,

1294 3012 1322 3048 ex
1338 2999 1367 3046 C.
1383 3015 1392 3042 r
1408 2998 1456 3044 Ro·

1294 3072 1378 3104 manas
1389 3056 1455 3102 Pon*

1295 3114 1364 3176 lifices
1374 3127 1382 3166 ,·
1393 3130 1402 3156 ι

128 3339 353 3403 'fundationis
369 3338 511 3419 legibus,
529 3339 697 3402 referatur
713 3342 888 3403 dumtaxat
905 3343 947 3404 ad
965 3344 1134 3404 internum
1151 3343 1237 3422 regi·
1301 3396 1303 3401 ,

146 3442 222 3484 men
239 3428 273 3484 et
288 3421 498 3504 disciplinam
516 3425 719 3503 regularem.
740 3451 753 3479 »
771 3424 944 3486 Posterior
960 3424 1060 3486 fuerit
1076 3443 1188 3502 casus,
1209 3425 1237 3486 si

147 3506 339 3568 tirocinium
373 3507 427 3567 vel
464 3506 640 3586 collegium
671 3506 860 3568 studiorum
892 3526 953 3588 pro
983 3509 1063 3569 solis
1090 3507 1237 3568 alumnis

147 3587 272 3650 ordinis
289 3588 478 3669 aperiatur;
496 3586 590 3669 prior
602 3607 684 3651 vero
700 3589 727 3650 si
744 3589 942 3651 instituatur
959 3590 1092 3669 publica
1108 3589 1236 3652 schola.

188 3669 327 3732 Sanctio
340 3671 405 3733 ista
418 3671 535 3733 stricte
552 3677 645 3734 tenet
668 3670 702 3732 in
725 3671 806 3733 locis
823 3671 976 3734 obnoxiis
993 3671 1047 3734 isti
1062 3671 1237 3735 Constitu-

146 3752 242 3816 tioni.
266 3753 302 3815 In
320 3754 392 3816 aliis
406 3763 485 3815 tunc
499 3756 619 3816 saltem
645 3773 734 3816 nova
750 3756 908 3835 Episcopi
924 3755 1116 3834 requiretur
1136 3755 1239 3816 licen·

146 3837 205 3908 tia,
219 3835 247 3897 si
260 3836 352 3917 prior
364 3835 465 3898 fuerit
479 3846 573 3898 certo
586 3837 716 3899 finevel
728 3857 791 3899 usu
805 3837 952 3917 legitime
965 3837 1236 3918 circumscripta.

148 3918 218 3983 Cir.
237 3933 311 3996 107,
330 3935 404 3982 111.

145 4029 148 4034 ·
190 4003 276 4066 114.
315 4000 366 4062 Ad
401 4001 655 4082 amplificandam
692 4002 817 4065 domani
842 4002 913 4084 jam
944 4009 1093 4067 erectam
1124 4002 1237 4065 nullae

146 4083 425 4164 praescribuntur
451 4085 707 4149 sollemnitates.
733 4087 878 4148 Prorsus
905 4086 994 4148 enim
1023 4087 1108 4148 haec
1132 4104 1238 4147 causa

146 4164 256 4228 differt
283 4185 303 4226 a
329 4185 412 4228 vera
438 4167 647 4229 fundatione.

187 4245 329 4311 Perinde
353 4247 444 4311 dicas
471 4251 511 4311 de
536 4249 723 4312 restituenda
738 4250 829 4312 donin
845 4249 962 4328 dirnta,
987 4257 1054 4313 etc.
1070 4253 1131 4335 Jus
1148 4249 1237 4313 enim

147 4350 207 4393 cur
234 4331 399 4394 materiali
426 4334 601 4394 eversione
635 4334 762 4416 periret
802 4334 993 4397 nullatenus
1019 4333 1237 4416 perspicitur.

147 4413 285 4476 Accedit
307 4415 493 4476 auctoritas
521 4415 768 4496 plerorumque,
797 4435 832 4478 ν.
858 4436 911 4498 gr.
936 4416 1118 4495 Passerini,
1137 4417 1159 4490 l.
1177 4415 1236 4481 cit.

147 4513 182 4558 n.
199 4516 249 4574 93,
268 4495 583 4577 Schmalzgrueber,
602 4497 625 4562 l.
642 4517 672 4562 c.
690 4520 724 4562 n.
741 4519 797 4582 423
815 4499 955 4579 Sumen,
968 4500 1017 4562 De
1032 4519 1109 4569 cens,
1126 4499 1158 4562 d.
1184 4521 1235 4579 23,

1321 3679 1362 3726 Ex
1371 3680 1426 3746 jare

1293 3749 1419 3784 commum.

1323 4013 1361 4060 De
1380 4016 1454 4058 maic-

1294 4071 1455 4130 riaiiperam·

1289 4129 1440 4190 piialicnem.

1322 4269 1359 4316 Dc
1380 4267 1449 4315 domo

1294 4325 1456 4376 instauranda
