3138 5014
159 466 342 548 [505·509]
370 487 696 522 nasxcmsnrmisraans
727 484 1098 522 aarorusrnrsnateonrn
1188 455 1248 524 313

157 623 302 686 fortasse
317 620 417 684 etiam
432 617 609 702 hospitibus,
637 620 701 682 nisi
726 637 889 700 responsa
915 615 1088 683 contraria
1106 619 1141 683 S.
1158 618 1246 682 Con·
1324 629 1327 638 “

156 705 364 787 gregationis
380 704 578 786 prudentem
595 722 693 764 usum
709 702 959 784 praepedirent.

198 811 228 851 2.
266 789 303 850 In
336 786 498 848 oratoriis
535 784 817 867 Cougragatiouum
855 785 1084 866 religiosarum,
1128 785 1245 847 eadem

157 871 219 934 SS.
236 868 475 932 Eucharistiae
502 867 706 948 dispensatio
734 867 867 929 videtur
890 867 932 930 ab
955 867 1124 950 Episcopo
1148 887 1245 950 prae·

180 952 263 1015 ediri
301 971 390 1016 osse.

157 972 320 1100 pUtruIin
346 1042 459 1096 autem
484 1052 590 1096 necne
613 1031 761 1113 putanda
788 1030 831 1092 sit
855 1033 945 1094 tacite
961 1052 1123 1094 concessa
1147 1031 1246 1096 simul

157 1138 233 1180 curn
264 1117 425 1180 facultate
455 1114 659 1186 celebrandi,
691 1135 733 1176 ex
762 1114 907 1195 receptis
938 1115 1002 1177 loci
1033 1115 1245 1192 usibuserit

157 1201 391 1277 colligendum.
411 1199 480 1262 Cir.
494 1197 668 1261 Benedicti
680 1214 737 1259 xiv
750 1197 815 1259 litt.
833 1217 907 1259 enc.
926 1198 1053 1279 Magno.

122 1347 125 1354 ,
200 1283 288 1349 507.
323 1287 376 1344 De
399 1284 514 1360 prima
541 1301 731 1360 puerorum
755 1282 1013 1342 communione.
1041 1279 1244 1342 Discernere

157 1365 292 1446 quinam
309 1366 403 1447 pueri
420 1366 602 1446 prudenter
617 1364 659 1426 ad
672 1363 815 1444 primam
829 1362 1096 1448 communionem
1114 1363 1245 1425 admitti

156 1448 296 1528 possint,
321 1468 381 1531 per
403 1467 438 1511 se
460 1454 592 1529 spectat
616 1447 658 1508 ad
677 1454 836 1527 parentes
852 1452 886 1506 et
902 1449 943 1506 ad
960 1445 1203 1509 confessarium
1222 1446 1244 1509 ².

157 1532 194 1592 ln
211 1551 276 1593 non
295 1531 409 1612 paucis
422 1536 534 1594 tamen
552 1530 633 1592 locis
647 1529 678 1592 id
691 1528 800 1590 effecit
817 1528 1036 1601 consuetudo
1054 1535 1092 1590 ut
1108 1548 1169 1609 pro
1185 1549 1247 1591 sua

157 1613 255 1674 istam
272 1614 522 1696 cooptationem
540 1613 709 1694 parochus
725 1611 897 1673 vindicare
913 1613 1055 1672 valeret.
1073 1612 1124 1673 Ita
1141 1632 1194 1674 res
1211 1632 1246 1674 se

156 1695 283 1759 habent
313 1697 345 1758 in
380 1696 497 1776 Belgio
523 1717 531 1758 :
566 1696 663 1757 simul
694 1700 805 1756 tamen
836 1693 993 1774 Episcopi
1022 1695 1247 1774 Regularibus

156 1779 309 1841 fecerunt
325 1785 527 1861 potestatem
543 1775 740 1839 admittendi
766 1776 932 1853 alumnos,
952 1776 1052 1838 etiam
1076 1784 1243 1846 externos,

157 1861 259 1924 certis
271 1869 384 1924 tamen
396 1861 536 1943 legibus²
553 1880 637 1940 quae
650 1859 736 1922 aliae
751 1858 783 1920 in
797 1858 869 1920 aliis
886 1859 1023 1921 statutis
1040 1860 1247 1922 dioecesanis

157 1945 374 2006 definiuntur.

199 2029 286 2092 508.
319 2031 371 2088 De
401 2029 463 2089 SS.
495 2024 723 2086 Eucharistia
754 2025 945 2086 deferenda
976 2026 1020 2086 ad
1051 2027 1245 2087 infirmum.

160 2133 188 2174 1.
216 2107 333 2172 Palam
354 2113 410 2189 prr
434 2108 500 2170 uias
516 2113 543 2168 ei
554 2107 673 2186 piciens
689 2105 818 2167 deferre
835 2107 897 2170 SS.
922 2107 1172 2172 Eucharistiam
1189 2109 1248 2171 uni

157 2192 316 2272 competit
333 2189 480 2271 parocho.
505 2191 628 2272 Quare,
661 2208 701 2249 ne
728 2187 899 2252 subditum
922 2190 1054 2270 quidem
1078 2191 1111 2253 in
1121 2191 1248 2271 privata

157 2277 256 2353 domo
293 2272 561 2348 decumbentem,
600 2270 724 2352 poterit
754 2271 931 2333 Praelatus
969 2274 1145 2353 regularis
1184 2274 1247 2335 nisi

1309 796 1462 850 inaratoriis,

1302 853 1435 911 congrega·
1448 911 1452 920 1

1277 915 1280 926 “
1302 915 1392 959 tionum
1408 909 1462 958 rela-

1298 973 1431 1030 giosarum.

1320 1053 1395 1100 Estne
1412 1050 1462 1098 dis·

1297 1112 1406 1171 pensatio

1301 1169 1407 1215 Euchar.
1425 1171 1461 1212 ta·

1301 1228 1345 1274 cite
1355 1239 1462 1272 concessa

1301 1298 1352 1331 cum
1366 1280 1442 1337 facul»

1303 1346 1349 1387 tate
1360 1339 1412 1386 aelr-

1302 1395 1409 1446 arandi?

1330 1483 1419 1529 Prima

1299 1545 1424 1608 puerorum

1302 1612 1442 1647 commuuio.

1333 1710 1396 1817 quid
1408 1713 1433 1759 in

1302 1771 1337 1818 Be
1343 1770 1407 1830 gio?

1331 2049 1463 2095 Eruiarr's-

1304 2108 1350 2152 tiae
1378 2105 1464 2152 delatio

1303 2163 1334 2210 ad
1344 2162 1412 2224 iufir-

1303 2236 1375 2269 mum.

156 2357 331 2419 Parochus
358 2357 412 2417 vel
439 2354 627 2436 Episcopus
654 2361 794 2432 annuat,
822 2374 921 2416 sacra
949 2356 1087 2419 relicere
1113 2357 1245 2439 synaxi.

159 2438 227 2502 Cfr.
246 2458 348 2518 supra
360 2459 392 2498 n.
410 2439 487 2516 462.
719 2515 721 2521 .

198 2543 228 2585 2.
247 2520 338 2584 Clam
353 2521 483 2584 deferre
505 2519 757 2583 Eucharistiam
780 2520 807 2581 si
821 2521 854 2582 in
870 2522 1065 2584 universum
1089 2522 1187 2584 liceat
1213 2522 1247 2584 in

156 2605 270 2684 aliquo
298 2607 383 2681 locu,
417 2606 616 2685 RegulareS,
645 2603 844 2686 praesertim
874 2606 900 2667 si
932 2606 1011 2687 ipsis
1041 2604 1247 2685 suffragetur

157 2689 376 2765 consuetudo,
401 2687 549 2768 generali
566 2686 620 2750 illo
637 2706 800 2751 concessu
817 2688 1054 2771 comprehendi
1076 2688 1244 2766 videntur,

156 2771 219 2832 nisi
242 2771 429 2851 Episcopus
447 2791 504 2832 eos
521 2769 713 2832 excluserit.

198 2875 227 2930 3.
246 2852 438 2914 Celebranti
465 2860 579 2914 autem
604 2854 636 2914 in
652 2854 802 2915 oratorio
819 2853 851 2914 in
876 2872 953 2932 quo,
973 2854 1044 2915 sive
1066 2853 1137 2934 ipso
1156 2853 1245 2934 jure,

157 2933 227 2993 sive
253 2953 293 2992 ex
319 2933 479 2998 facultate
502 2935 604 3010 facta,
632 2935 817 3013 dispensari
835 2943 945 3017 potest
970 2936 1005 2998 S.
1033 2935 1245 3012 Communi0‚

157 3014 234 3075 licet
249 3015 350 3075 etiam
367 3013 507 3090 deferre,
526 3035 586 3094 pro
611 3019 844 3078 communione
861 3019 1078 3092 devotionali,
1097 3018 1159 3081 SS.
1178 3019 1247 3079 Eu·
1267 3072 1270 3076 .

157 3095 353 3240 {haristgam
369 3095 508 3158 infirmis
522 3096 576 3176 qui
594 3097 627 3158 in
644 3098 798 3161 cubiculo
816 3099 1000 3180 hospitalis,
1029 3101 1160 3178 domus,
1179 3108 1245 3165 etc.

179 3197 275 3240 ecum
302 3185 374 3240 unt.

200 3273 288 3338 509.
298 3275 351 3333 De
367 3273 519 3335 viatico,
536 3295 563 3336 1.
577 3273 1010 3355 ProhibenturRegulares,
1021 3282 1117 3337 extra
1131 3296 1246 3340 casum

157 3354 380 3431 necessitatis
408 3354 532 3416 viatico
559 3355 688 3418 munire
706 3376 868 3436 personas
885 3357 1054 3420 seculares
1070 3379 1156 3438 quae
1181 3380 1246 3421 non

156 3445 235 3500 sunt
252 3440 291 3499 de
307 3438 456 3519 ipsorum
472 3437 609 3500 familia.
624 3439 742 3514 Imm0,
757 3439 814 3500 ubi
827 3440 1009 3503 accesserit
1025 3442 1244 3522 praesumptio,

157 3521 313 3584 delictum
340 3521 498 3602 plectitur
522 3520 867 3585 excommunicatione
895 3523 1088 3606 simpliciter
1112 3524 1147 3588 S.
1167 3526 1245 3588 Sedi

157 3612 345 3666 reservata.

106 3767 110 3777 ,
191 3709 471 3765 Excommunicatio
485 3710 550 3778 ista,
561 3721 606 3783 14²⁸
617 3727 653 3765 ex
663 3715 693 3767 2³
700 3711 773 3766 serie
783 3707 1010 3787 C.Apostolicar
1023 3706 1119 3780 Sedis,
1135 3709 1226 3769 afficit
1239 3732 1246 3771 ε

158 3815 170 3843 «
187 3789 356 3866 Religiosos
365 3794 583 3870 praesumeritis
596 3787 710 3851 clericis
729 3796 783 3851 uui
795 3789 891 3862 iaicis,
905 3796 989 3852 aratra
1004 3811 1109 3852 casum
1127 3793 1246 3854 aracussi-

155 3875 235 3946 iatis,
256 3871 487 3935 Sacramentum
506 3873 669 3934 Extremae
699 3874 855 3937 Uriatiouis
882 3881 936 3936 aui
960 3875 1172 3938 Eucharistiae
1192 3883 1247 3959 per

158 3956 309 4020 Viaticum
330 3957 506 4019 ministrare
528 3956 636 4038 absque
654 3957 784 4039 paroclu'
805 3958 934 4021 licarztia.
957 3986 970 4014 »
992 3962 1077 4039 Quae
1093 3975 1124 4020 ut
1143 3965 1247 4038 paucis

157 4043 365 4103 declaremus:

192 4121 341 4201 Religiosi
353 4129 536 4202 intelligendi
549 4138 620 4186 sunt
633 4131 750 4203 proprie
764 4131 839 4187 tales
854 4149 861 4188 ε
882 4132 1066 4189 sollemniter
1078 4130 1200 4206 professi
1219 4143 1247 4192 et

155 4209 204 4281 qui
219 4210 250 4265 in
263 4204 406 4270 Societate
420 4209 499 4290 Jesu
512 4213 644 4271 fecerunt
658 4215 807 4288 simplicia
821 4225 901 4273 vota.

383 4369 474 4376 --.--.-

183 4457 189 4491 ¹
206 4457 261 4505 Cfr.
274 4456 444 4504 catechismum
456 4473 588 4518 romanum,
602 4476 628 4521 p.
641 4480 663 4520 2,
675 4463 711 4509 De
721 4463 798 4512 Eruli.
812 4465 883 4513 Sacr.
896 4479 924 4513 n.
940 4473 977 4523 69.

1333 2536 1396 2607 Quid
1406 2539 1430 2583 si

1302 2595 1445 2644 universalis

1297 2653 1466 2716 jacuitasciam

1303 2711 1420 2764 deserendi

1303 2771 1462 2817 SS.Euairar.

1332 2855 1369 2900 De
1395 2852 1463 2913 infir-

1303 2914 1349 2958 mis
1383 2911 1464 2957 domas

1303 2971 1343 3075 pipp
1364 2969 1462 3017 celebra·

1303 3279 1340 3326 De
1356 3275 1458 3324 Viatico'

1331 3389 1431 3435 Sanctia

1303 3446 1465 3504 coutraRegu·

1304 3505 1374 3552 lares.

1331 3711 1451 3770 Scriptum

1303 3769 1359 3824 legis
1392 3766 1468 3814 decia·

1304 3831 1382 3874 ratur.

1327 4133 1466 4203 ‚Qu-rancu-

1303 4207 1377 4253 grou,
