3148 5004
147 565 281 646 [30-32]
307 587 345 622 ne
360 581 465 622 scarus
482 583 619 620 semerom
635 582 769 629 nortona,
787 582 922 618 rnnrrsus
938 583 974 618 ur
988 584 1064 620 onru
1194 562 1233 625 l9

179 717 269 796 Quid,
290 718 370 792 quod
390 717 507 791 patroni
530 717 616 774 istius
627 717 794 773 sententiae
808 716 879 789 ipsis
892 713 952 776 sere
967 716 1064 774 verbis
1076 716 1235 774 nobiscum

142 799 349 860 conveniunt?
372 801 534 858 Rationem
556 800 686 873 denique
707 799 828 856 tandem
853 811 959 872 petunt
981 818 1017 857 eo
1038 801 1119 874 quod
1140 810 1235 858 status

143 884 296 956 religionis
308 895 353 941 est
373 894 467 940 status
491 881 769 964 servitutisGrat-is
783 891 1044 941 autem-asserunt
1060 883 1233 941 servitutem
1283 913 1289 920 ·

144 972 227 1028 illam
251 969 486 1041 metaphoricam
507 985 569 1023 non
588 966 692 1023 haberi
713 967 777 1023 sine
801 967 927 1023 dominii
947 967 1149 1037 translatione,
1163 986 1233 1028 cum
1326 981 1331 986 ‘

144 1055 218 1112 satis
227 1053 390 1125 explicetur
400 1068 450 1124 per
471 1049 684 1124 obligationem
706 1061 880 1123 perpetuam
892 1050 1038 1107 serviendi
1050 1049 1114 1107 Deo
1124 1051 1155 1107 in
1165 1069 1234 1125 ope·

146 1138 229 1196 ribus
241 1134 429 1210 perfectionis
440 1145 460 1191 1.

184 1219 297 1292 ltaque,
328 1229 361 1275 ut
388 1229 520 1275 mentem
553 1227 686 1274 nostram
717 1219 897 1290 aperiamus,
926 1235 958 1276 re
984 1219 1058 1275 nihil
1084 1229 1235 1292 praeterea

146 1307 306 1376 aristarum
328 1295 505 1378 religiosum
518 1302 684 1358 secundum
695 1319 727 1358 se
746 1302 876 1375 poscitur
887 1319 978 1375 quam
993 1304 1071 1376 quod
1086 1303 1124 1360 ad
1138 1303 1234 1376 ipsam

147 1386 291 1458 psrtineat
300 1396 394 1441 status
402 1380 592 1462 perfeetionis
601 1384 760 1451 rationem,
775 1383 914 1442 fictitium
928 1403 997 1442 vero
1010 1398 1054 1443 est
1064 1387 1233 1448 dominium

74 1529 80 1542 ,
147 1470 218 1528 thud
231 1469 369 1542 speciale,
385 1467 466 1542 quod
481 1467 547 1524 Deo
562 1467 636 1525 loret
649 1481 868 1543 comparatum.

248 1634 309 1706 '11.
337 1645 391 1704 De
414 1641 627 1720 imperfecta
641 1643 785 1704 ‘ratione
809 1617 927 1706 status
950 1645 1107 1724 religiosi

167 1875 171 1882 ,
188 1809 251 1874 30.
268 1807 470 1890 Imperfecta
486 1809 574 1871 ratio
596 1809 684 1871 illius
699 1816 810 1872 status
827 1811 859 1874 in
876 1812 1070 1876 universum
1095 1813 1232 1877 habebi·
1298 1829 1372 1876 Raeto
1396 1843 1445 1876 ene-

146 1898 213 1968 tur‚
239 1891 267 1953 si
282 1893 355 1971 quis
372 1911 413 1954 ex
428 1891 540 1953 studio
557 1891 772 1972 perfeetionis
795 1913 830 1956 se
853 1915 942 1956 nexu
964 1896 1035 1958 voti
1050 1895 1174 1977 obliget
1190 1897 1233 1961 ad
1283 1885 1351 2002 {322
1352 1889 1448 1992 517?ssss

146 1975 310 2054 quaedam
338 1973 552 2036 observanda
576 1975 727 2050 consilia,
748 1975 811 2038 etsi
837 1975 982 2040 fortasse
1001 1979 1230 2060 particularia,
1281 2001 1362 2062 fectae.
1398 1950 1415 2006 p

145 2076 231 2135 quae
242 2057 365 2138 juvent
381 2056 424 2117 ad
435 2057 524 2118 hane
541 2063 664 2118 metam
680 2060 871 2137 tenendam,
886 2059 997 2140 aliqua
1009 2068 1122 2131 autem
1137 2070 1232 2141 parte

146 2139 280 2201 deficiat
296 2146 407 2200 status
424 2139 596 2220 perfectio

186 2222 273 2283 Late
287 2221 401 2300 itaque
417 2220 581 2301 religiosis
598 2224 932 2286 annumerabuntur:
1287 2247 1412 2308 Exempla.

188 2304 253 2396 Qui
278 2302 320 2385 aa
346 2307 460 2384 temptes
481 2306 563 2366 'vota
585 2315 845 2386 nuncuparunt:
876 2305 986 2369 deficit
1013 2304 1234 2386 perennitatem

149 2396 309 2447 servitus

192 2467 256 2549 Qui
279 2467 447 2544 castitate,
471 2468 525 2529 vel
540 2475 740 2550 paupertate
756 2470 809 2532 vel
825 2469 890 2532 alio
906 2470 1045 2534 consilio
1063 2472 1233 2552 sequendo

150 2548 400 2611 circumscribunt
415 2569 511 2612 suam
524 2549 760 2634 obligationem:
776 2553 887 2615 deficit
902 2558 1005 2617 ootnnt
1019 2555 1232 2618 substantiale.

190 2632 254 2715 Qui
269 2631 389 2694 seeretis
409 2639 568 2694 tenentur
589 2634 667 2695 uotis
676 2637 849 2716 perpetuis:
866 2635 1150 2718 deheitprosessn'o.
1168 2640 1233 2701 Hic

76 2745 80 2753 ·
147 2721 261 2778 tamen
275 2715 434 2796 ‘proxime
450 2716 625 2778 acceditur
639 2722 692 2778 ad·
703 2737 819 2780 veram
841 2719 987 2798 religiosi
1003 2729 1113 2783 status
1131 2722 1234 2784 ratio·

147 2818 237 2876 nem,
255 2797 311 2878 qui
328 2817 444 2860 coram
459 2798 533 2860 Deo
550 2799 612 2860 dici
629 2799 735 2880 possit
751 2801 793 2862 ab
809 2801 888 2883 ipsis
906 2801 1114 2885 participari.

148 2995 343 3043 sensurus
365 2997 416 3044 111.
441 2981 482 3046 tle
503 2979 603 3045 status
625 2980 759 3062 religiosi
776 2981 876 3047 divina
891 2983 1017 3066 origine,
1035 2983 1236 3066 perpetuitate

189 3149 236 3214 31
270 3148 434 3210 Christus
450 3152 502 3208 est
520 3156 647 3208 auctor
668 3157 784 3210 status
802 3152 956 3228 re1=gi0si
980 3151 1068 3232 quod
1092 3150 1134 3212 ad
1157 3151 1235 3212 sub·
1319 3160 1435 3226 Divina

147 3233 323 3294 stantiam.
341 3229 498 3292 Etenim:
1290 3222 1368 3285 ⁵1:²¹¹&
1393 3215 1447 3308 ἵζ’·

195 3335 221 3375 r.
246 3315 321 3396 Ipse
337 3313 488 3392 exemplo
504 3317 537 3372 et
553 3311 666 3373 verbis
686 3313 843 3374 hortatus
858 3321 910 3376 est
925 3314 1078 3376 homines
1095 3315 1137 3377 ad
1160 3334 1235 3396 per·
1288 3289 1353 3334 Μ
1369 3288 1447 3332 ⁰⁷⁸⁶⁰'

148 3397 328 3458 lectionem
345 3395 542 3456 sectandam
554 3415 561 3471 ;

191 3501 221 3542 2.
238 3479 347 3561 Ipsius
358 3483 438 3538 sunt
451 3476 589 3540 consilia
605 3477 725 3558 quibus
742 3483 852 3538 status
873 3477 989 3558 religio
1013 3479 1159 3539 essentia
1184 3485 1235 3540 est

151 3567 330 3639 concreta3

190 3666 221 3724 3.
248 3646 323 3726 Ipse
348 3641 462 3704 verbis
484 3647 520 3702 et
543 3639 660 3720 figuris
684 3642 803 3723 quibus
833 3643 994 3704 utebatur
1020 3663 1094 3704 earn
1120 3641 1232 3704 innuit

148 3726 344 3790 firmitatem
371 3744 456 3806 quae
479 3723 567 3785 votis
594 3725 783 3787 obtinetur:
813 3725 942 3786 recolas
968 3726 1092 3803 anime,
1121 3745 1155 3789 v.
1181 3746 1234 3807 gr.

149 3809 400 3872 similitudinem
416 3814 658 3870 castratorum.

191 3916 222 3973 4.
239 3893 315 3974 Ipse
333 3909 455 3953 munus
469 3890 557 3951 dedit
573 3889 746 3952 Ecclesiae
762 3890 937 3952 ordinandi
951 3898 1060 3952 status
1074 3889 1234 3971 religiosi.

191 3977 286 4038 Haec
310 3973 423 4038 omnia
446 3991 549 4053 supra
572 3981 651 4033 sunt
672 3980 822 4036 ostensa.
842 3972 912 4036 Cfr.
937 3973 1076 4051 Suarez,
1095 3974 1143 4034 De
1164 3973 1234 4036 Rei.

149 4066 194 4121 tr.
212 4080 242 4139 7,
258 4059 280 4121 l.
299 4079 329 4137 3,
347 4077 377 4120 c.
395 4079 413 4119 2
431 4055 486 4134 qui
504 4055 577 4116 t'use
593 4053 625 4115 in
641 4055 693 4116 his
709 4064 877 4119 versatur.

192 4143 253 4206 32.
272 4142 323 4204 Ad
350 4140 566 4201 sanctitatem
591 4137 765 4200 Ecclesiae
780 4139 925 4221 pertinet
950 4158 1133 4219 numquam
1147 4139 1179 4200 in
1197 4157 1237 4199 ea
1301 4172 1447 4229 Perpenna

150 4223 332 4286 desiderari
356 4223 412 4302 qui
442 4221 497 4281 via
520 4238 580 4300 per
609 4218 781 4282 Christum
804 4222 1036 4283 demonstrata
1063 4222 1174 4302 palam
1195 4220 1237 4281 ad
1291 4234 1367 4296 stans
1392 4229 1447 4275 ren·-

150 4307 381 4388 evangelieam
399 4301 605 4366 contendant
624 4302 874 4383 perfectionem.
890 4305 985 4387 Quae
1004 4323 1080 4366 cum
1097 4304 1140 4364 sit
1165 4304 1238 4384 ipsa
1289 4300 1363 4345 3²⁰⁰·

181 4543 188 4577 ¹
200 4542 226 4590 S.
240 4540 360 4590 Thomas
371 4542 408 4588 De
412 4539 553 4602 perfectione
564 4540 627 4586 vilae
636 4535 816 4596 spiritualim.
832 4541 867 4583 15.
