3142 5004
134 459 321 546 [264-265]
412 485 449 520 us
463 482 696 524 osmonrroursus
712 483 849 521 asuerosr
865 485 993 523 exorassr
1160 466 1219 530 159

167 616 201 676 Id
214 619 268 676 erit
280 618 407 676 omnino
420 628 518 677 tutum
532 619 563 677 in
577 619 733 694 Religione
742 618 831 697 cujus
844 615 959 694 probati
969 619 1126 695 scriptores
1140 620 1220 678 hanc

130 720 269 762 normam
287 703 469 763 tradiderint.
490 704 537 762 Ad
556 704 636 762 hanc
654 712 727 762 tunc
747 704 910 767 existimari
929 715 1027 778 potest
1050 721 1220 762 accommo·

130 789 200 846 data
212 788 339 865 intentio
349 789 535 862 voventium,
554 791 605 864 qui
616 797 750 864 possunt,
766 805 827 845 non
837 788 959 861 quidem
970 789 1001 845 in
1014 805 1135 861 gravem
1149 805 1220 845 con-

130 884 244 931 vertere
257 873 413 931 materiam
428 874 537 942 levem,
552 874 604 932 'sed
619 882 779 933 extenuare
793 873 1006 947 obligationem
1020 890 1098 946 quae
1117 888 1169 946 per
1187 891 1220 932 se

130 959 320 1031 responderet
347 959 490 1017 materiae
508 967 537 1016 et
555 959 702 1036 majorem
723 967 852 1016 statuere
880 957 918 1015 ad
947 968 1102 1031 peccatum
1129 975 1219 1032 grave

128 1043 327 1102 necessariam
341 1061 431 1118 quam
445 1061 522 1118 quae
535 1061 587 1117 per
600 1060 632 1100 se
645 1044 851 1118 requireretur.

166 1139 202 1199 In
215 1139 378 1199 Ordinibus
395 1150 497 1199 autem
518 1141 568 1197 ubi
588 1140 717 1198 severior
735 1151 854 1214 recepta
872 1148 918 1197 est
935 1139 1081 1211 doctrina,
1101 1141 1219 1198 cautius

129 1226 208 1284 hanc
220 1237 381 1300 sequentur
393 1226 532 1300 religiosi,
547 1225 605 1282 nisi
617 1234 733 1282 constet
745 1224 782 1282 de
796 1223 892 1282 nimio
905 1225 1011 1299 rigore.
1026 1223 1122 1283 Nobis
1134 1227 1217 1284 enim

128 1311 245 1370 videtur
265 1311 401 1386 superius
421 1311 544 1368 recitata
565 1310 667 1383 opinio
689 1327 708 1367 a
730 1326 801 1366 vero
822 1327 887 1368 esse
914 1310 1032 1380 aliena;
1060 1320 1089 1367 et
1115 1328 1218 1369 nonne

128 1406 254 1470 possunt
266 1396 393 1454 Praelati
405 1395 557 1469 religionis
567 1395 728 1465 adhaerere
740 1394 825 1452 alteri
839 1396 1015 1467 sententiae,
1027 1412 1105 1470 quae
1120 1396 1217 1469 magis

127 1489 173 1539 est
190 1481 373 1552 communis,
393 1490 423 1538 et
441 1480 558 1553 exigere
577 1489 609 1536 ut
627 1479 671 1536 sic
691 1479 873 1550 intelligatur
892 1479 1075 1554 paupertatis
1089 1476 1216 1536 votum?

128 1565 174 1626 Ita
196 1569 287 1625 etiam
310 1565 438 1625 Genicot
465 1584 497 1637 11,
517 1567 554 1642 98
582 1565 653 1624 line.
673 1563 734 1624 Clr.
764 1562 1009 1648 Supptcmeutum
1029 1585 1073 1627 vn
1096 1569 1217 1627 alterius
1268 1587 1273 1596 ·

129 1654 215 1710 tomi.

169 1777 204 1855 b)
230 1775 277 1840 Ut
302 1779 454 1837 nostram
475 1773 546 1855 jam
570 1771 762 1856 aperiamus
785 1781 945 1854 mentem,
963 1776 1214 1848 similitudinem

127 1859 275 1939 aliquam
296 1857 377 1920 furti
401 1864 434 1918 et
460 1855 590 1938 peccati
616 1862 737 1919 contra
767 1859 975 1940 paupertatis
1001 1869 1119 1924 votum
1147 1878 1216 1924 non

128 1959 303 2023 negamus
320 1946 420 2019 atque
435 1939 483 2002 ita
499 1939 710 2001 communius
722 1939 882 2020 placitum
895 1960 961 2002 non
977 1943 1076 2023 plane
1091 1942 1217 2006 deseri-

129 2044 216 2102 mus,
226 2042 344 2085 verum
356 2023 389 2086 in
403 2023 467 2084 hoc
480 2030 531 2083 est
543 2021 737 2102 reponenda
748 2029 831 2100 tota,
842 2023 929 2103 quod
942 2026 1074 2103 ambae,
1084 2026 1217 2107 justitia

128 2114 163 2171 et
174 2112 367 2190 paupertas,
383 2103 566 2186 respiciunt
573 2103 802 2185 proprietatem,
814 2103 905 2166 ruodo
918 2111 1030 2168 tamen
1044 2109 1216 2174 contrario:

127 2191 222 2272 prior
237 2196 274 2251 ut
290 2208 364 2250 eam
387 2185 479 2249 atteri
494 2206 610 2249 serves
633 2193 800 2265 sanctam,
824 2188 992 2269 posterior
1008 2197 1046 2252 ut
1061 2209 1136 2252 eam
1153 2212 1172 2253 a
1189 2199 1216 2254 te

127 2271 279 2355 abjicias
297 2270 459 2354 Quaestio
485 2269 588 2350 igitur
610 2267 798 2331 formaliter
822 2271 889 2331 huc
906 2271 1042 2334 recidit:
1070 2291 1215 2354 quanam

127 2353 317 2436 quantitate
339 2353 399 2415 liat
414 2353 529 2433 gravis
545 2350 706 2432 acquisitio
720 2373 781 2434 qua
806 2350 889 2415 talis.
914 2354 1011 2435 Quod
1034 2355 1215 2420 aestiman-

128 2437 205 2500 dum
218 2435 425 2500 arbitramur
437 2455 473 2496 ex
484 2433 659 2497 condicione
674 2434 870 2516 adquirentis,
884 2434 907 2498 i.
921 2455 951 2506 e.
965 2456 1007 2499 ex
1019 2437 1215 2503 condicione

126 2520 159 2582 in
176 2539 254 2601 qua,
272 2539 313 2582 ex
328 2539 391 2582 sua
405 2518 625 2601 professione,
643 2525 803 2580 versatur
823 2517 1001 2599 religiosus
1023 2523 1079 2602 qui
1095 2541 1215 2605 pecca·

126 2603 183 2667 rit.
199 2604 307 2666 Estne
323 2603 419 2679 haec,
436 2600 523 2664 utin
540 2600 710 2663 Societatc
735 2601 829 2684 Jesu,
852 2600 988 2664 honesti
1014 2605 1213 2686 sacerdotis,

127 2691 322 2767 comparate
338 2686 380 2747 ad
397 2685 578 2746 honestum
594 2684 806 2747 sacerdotem
824 2687 880 2765 per
894 2703 925 2745 se
939 2686 1003 2747 erit
1019 2686 1215 2770 accipienda

128 2769 291 2832 materiae
307 2768 472 2850 gravitas.

166 2876 212 2938 Et
235 2895 270 2938 re
294 2876 427 2956 quidem
451 2894 544 2952 vera,
569 2875 597 2937 si
620 2893 746 2956 arguas
770 2894 811 2937 ex
835 2875 993 2958 analogia
1010 2877 1163 2960 justitiae
1180 2887 1216 2943 et

127 2961 347 3038 paupertatis,
365 2965 402 3022 ut
426 2962 637 3040 consequenter
665 2957 768 3036 dicas,
801 2957 1047 3022 consideranda
1072 2960 1133 3024 tibi
1162 2969 1215 3026 est

126 3057 271 3121 persona
286 3041 326 3102 de
342 3041 438 3123 cujus
453 3040 566 3122 agitur
582 3041 809 3124 proprietate;
824 3059 922 3122 quae,
938 3062 1014 3104 cum
1031 3044 1213 3126 prohibitio

125 3127 218 3184 vetet
234 3122 300 3201 hic,
318 3142 384 3185 non
396 3123 703 3201 alteriusdamnum,
725 3123 784 3185 sed
801 3124 962 3205 proprium
977 3125 1120 3204 lucrum,
1145 3148 1213 3189 non

70 3229 72 3234 ·
125 3211 188 3282 est,
206 3211 243 3267 ut
259 3204 292 3267 in
308 3205 410 3284 furto,
427 3225 572 3290 persona
588 3206 692 3284 laesa,
711 3205 737 3268 si
755 3225 841 3285 quae
857 3205 971 3283 luerit,
991 3208 1050 3269 sed
1065 3229 1213 3290 persona

125 3287 315 3369 acquirens,
333 3308 399 3369 qua
413 3290 502 3352 talis.
520 3289 576 3352 Sic
590 3287 704 3368 igitur,
718 3307 760 3350 ex
772 3289 844 3368 ipso
858 3306 924 3368 quo
938 3289 987 3350 uti
1000 3289 1110 3352 solent
1123 3293 1213 3373 prin-

125 3371 223 3453 cipi0,
248 3381 401 3434 nostram
426 3369 937 3454 deprominusrconelusionem.
954 3371 1149 3451 Praeterea,
1174 3381 1211 3436 ut

123 3451 235 3514 directe
249 3473 444 3535 arguamus,
462 3474 571 3517 nonne
587 3472 649 3536 pro
662 3452 727 3515 alia
745 3455 857 3514 cultus
869 3453 1048 3516 exterioris
1065 3456 1210 3533 ratione,

122 3533 194 3618 ipsa
210 3540 399 3620 proprietas
415 3535 592 3631 apparebit
608 3536 719 3598 minus
735 3537 788 3597 vel
804 3537 912 3616 magis
928 3536 1108 3600 notabilis?
1124 3540 1212 3621 Quid

122 3625 235 3681 autem
258 3639 374 3682 omnes
398 3632 586 3700 cogrtamus
602 3618 752 3695 definire,
770 3617 834 3680 nisi
850 3618 962 3682 istud:
984 3637 1151 3699 quaenam
1168 3622 1212 3684 sit

119 3700 227 3784 grauis
242 3703 439 3786 proprietas?
459 3703 626 3782 Denique,
649 3702 698 3765 sic
715 3702 888 3764 commode
904 3701 1104 3785 explicatur,
1130 3723 1212 3784 quo-

122 3784 221 3846 modo
237 3784 270 3846 in
293 3785 476 3848 Ordinibus
498 3785 554 3865 qui
579 3785 781 3866 profitentur
806 3784 970 3866 majorem
993 3788 1103 3848 cultus
1119 3794 1211 3849 exte-

121 3865 221 3928 rioris
247 3869 476 3945 severitatem,
498 3867 650 3929 severius
675 3867 901 3948 respondeant
923 3869 1119 3950 scriptores
1138 3869 1181 3933 Cf
1199 3915 1213 3933 .

122 3965 155 4009 v.
172 3967 223 4028 gr.
242 3950 329 4029 Piat,
341 3969 365 4030 1,
379 3972 412 4035 p.
422 3955 572 4030 266-269,
586 3951 751 4031 Angelum
764 3970 784 4012 a
798 3950 860 4014 SS.
876 3949 998 4030 Corde,
1012 3972 1045 4035 p.
1060 3972 1132 4032 297-
1137 3975 1210 4032 300.

152 4085 181 4145 A
196 4105 256 4162 qua
274 4092 422 4149 sententia
439 4109 545 4167 parum
565 4092 682 4150 alienus
697 4092 813 4149 videtur
826 4092 862 4150 C.
879 4093 916 4149 de
929 4091 1027 4164 Lugo,
1048 4108 1117 4148 cum
1132 4090 1213 4150 dicat

118 4171 293 4243 gravitatem
311 4175 473 4247 sacrilegae
488 4177 675 4251 proprietatis
696 4177 888 4250 potissimum
907 4176 1125 4233 aestimandam
1146 4193 1211 4234 esse

119 4272 154 4312 ex
167 4251 343 4336 discipliuae
354 4255 514 4338 religiosae
527 4262 686 4334 exigentia,
702 4262 743 4317 ita
754 4270 786 4317 ut
800 4260 900 4334 gravis
913 4260 1038 4317 materia
1050 4275 1087 4316 ea
1099 4259 1137 4316 sit
1152 4276 1212 4332 qua

120 4358 170 4414 per
183 4359 215 4400 se
232 4345 361 4417 graviter
379 4345 416 4404 de
435 4346 492 4403 hac
507 4346 665 4420 disciplina
683 4345 858 4404 detrahitur.
880 4342 941 4402 etr.
961 4344 998 4402 de
1015 4344 1113 4418 Lugo,
1137 4344 1166 4401 d.
1182 4361 1210 4419 3,

122 4442 152 4482 n.
170 4442 221 4501 172
235 4439 265 4486 et
280 4430 343 4489 181.
