3142 5004
137 415 318 494 [tat-306]
395 436 431 471 uu
448 435 681 472 ourroirromuus
698 436 833 474 ruutmosr
850 435 975 472 PROFESSI
1164 415 1222 476 <lli

138 571 261 652 speciali
276 571 412 652 lieentia,
437 591 505 636 cara
527 573 608 636 socio
631 594 651 635 a
668 572 850 656 Superiore
867 573 1054 653 designato,
1072 575 1100 633 et
1113 571 1223 654 imper·

136 657 190 717 rita
208 654 422 720 benedictione.
438 656 580 730 Verum,
598 661 635 727 ut
652 656 797 720 vidimus
813 676 847 720 n.
866 655 939 734 185,
953 665 1075 735 3,'1ton
1091 660 1224 718 constat

137 739 225 800 hanc
244 737 530 802 Constitutionem
545 739 696 820 obligare
712 744 810 802 extra
825 738 971 802 Italiam.

176 821 305 902 Itaque,
334 821 457 904 partim
482 841 524 884 ex
546 841 621 900 usu,
638 823 774 915 ¹partim
797 821 987 903 exscripta
1010 822 1096 902 lege,
1113 819 1226 903 prohi-

139 909 259 966 bentur
285 905 433 985 religiosi
461 923 479 965 e
506 906 664 968 claustris
695 905 809 986 egredi
839 903 911 966 sine
941 903 1088 969 licentia.
1116 905 1226 996 Atque

137 987 244 1068 ipsum
272 987 409 1050 schema
436 986 475 1049 C.
492 986 651 1050 Vaticani
678 987 785 1050 voluit
812 987 940 1049 socium
967 985 1134 1064 comitari,
1162 1005 1225 1048 mst
1310 1001 1311 1004 ’

137 1069 309 1151 Superiori
337 1069 436 1132 locali
463 1068 562 1132 aliter
587 1069 772 1132 videretur.
802 1069 948 1132 Constit.
979 1070 1026 1131 De
1056 1068 1223 1146 Clausum,

136 1172 166 1214 c.
191 1173 222 1214 2.
250 1151 321 1214 Cir.
345 1150 473 1215 Collect.
496 1150 635 1225 lacensis
662 1158 687 1216 t.
712 1173 742 1234 7,
768 1171 798 1216 c.
823 1157 913 1216 681.

178 1255 208 1297 2.
226 1234 415 1298 Prohibitio
429 1233 493 1298 ista
506 1243 557 1297 est
573 1255 610 1296 ex
622 1255 731 1317 garrera
744 1255 805 1298 suo
819 1235 944 1318 gratis·
958 1242 1096 1297 excusat
1113 1241 1227 1297 tamen

139 1315 260 1395 exigua
276 1317 431 1381 materia.
1154 1354 1156 1357 -

179 1399 303 1462 Gravis
318 1410 432 1464 autem
456 1400 670 1464 existimatur
685 1420 819 1483 egressus
833 1401 898 1464 sine
913 1399 1038 1463 licentia
1055 1399 1082 1463 si
1098 1400 1156 1462 fiat
1173 1398 1227 1460 vel

138 1487 226 1544 nocta
242 1483 295 1544 vel
311 1483 353 1545 ad
369 1482 501 1545 notabile
524 1487 649 1564 tempus,
675 1483 806 1546 etiamsi
823 1484 934 1571 absint
951 1503 1058 1566 prava
1074 1481 1224 1546 consilia.

169 1572 315 1654 Quaeres,
329 1572 405 1653 qaid
414 1572 454 1635 sit
466 1575 548 1636 atax?
559 1577 638 1647 Nox,
650 1577 758 1646 stricte,
774 1588 818 1635 est
829 1579 958 1650 spatium
979 1577 1058 1650 quod
1073 1576 1228 1633 intercedit

136 1660 211 1716 inter
230 1670 391 1732 utrumque
410 1661 631 1732 crepusculum.
652 1659 710 1717 Sed
726 1661 841 1717 videtur
859 1655 1017 1719 moraliter
1035 1677 1100 1732 esse
1119 1659 1227 1716 intelli·

136 1741 242 1815 genda,
256 1742 429 1815 praesertim
444 1743 474 1799 in
496 1743 604 1800 nostris
624 1742 740 1800 mediae
756 1743 894 1816 Europae
908 1743 1090 1817 regionibus,
1101 1742 1137 1800 de
1152 1751 1228 1800 tem·

136 1841 207 1896 pore
219 1841 279 1896 quo
287 1826 343 1902 per
356 1843 385 1884 se
398 1827 510 1885 mirum
523 1826 561 1884 sit
574 1826 699 1884 seculari
714 1827 887 1900 religiosum
904 1828 1012 1884 habere
1022 1827 1156 1896 obvium,
1168 1826 1225 1894 vel,

137 1913 173 1964 ut
183 1907 225 1964 ait
238 1906 366 1966 Genicot
381 1920 401 1979 ¹,
417 1909 453 1966 de
467 1919 601 1983 tempore
620 1933 634 1962 «
650 1926 710 1983 quo
730 1910 827 1967 solent
842 1910 982 1967 homines
995 1911 1071 1967 inter
1090 1908 1227 1966 tenebras

136 2007 153 2046 a
166 1989 281 2048 diurnis
294 1992 445 2050 laboribus
455 1993 616 2067 quiescere.
629 1993 742 2069 Quodsi
755 1993 881 2051 dubium
893 2003 970 2050 esset
980 1993 1017 2050 de
1028 1993 1100 2049 hora
1111 2008 1227 2063 vesper·

138 2076 210 2144 tina,
223 2075 264 2132 sic
279 2077 341 2148 ipse
355 2078 459 2151 pergit,
475 2079 592 2135 videtur
602 2077 759 2135 tribuenda
772 2077 852 2134 nocti
866 2077 890 2133 si
904 2075 1032 2148 religiosi
1047 2075 1112 2150 ejus
1123 2089 1228 2129 mona-

137 2161 217 2217 sterii
231 2179 267 2218 eo
280 2172 415 2235 tempore
427 2163 491 2238 jam
506 2180 538 2220 se
554 2163 584 2219 in
599 2162 711 2218 lectum
726 2162 856 2234 recipere
870 2161 996 2219 soleant.
1013 2182 1026 2212 s
1043 2158 1132 2216 Ratio
1146 2156 1228 2214 enim

137 2245 303 2302 severitatis
315 2258 359 2304 est
374 2247 540 2320 periculum
554 2247 704 2304 abusuum
721 2255 750 2303 et
763 2245 906 2304 scandali.

179 2329 324 2393 Notabile
348 2352 418 2396 vero
434 2336 549 2416 ternpus
564 2330 621 2394 alii
637 2330 832 2394 existimant
855 2330 974 2393 haberi
990 2349 1030 2392 eo
1047 2314 1135 2409 qudd
1151 2325 1228 2388 reli·

139 2411 253 2493 giosus
289 2415 371 2478 velit
403 2422 500 2478 extra
528 2415 770 2478 monasterium
809 2419 1024 2496 pernoctare,
1062 2411 1139 2474 dum
1172 2409 1228 2472 alii

139 2497 317 2575 requirunt
341 2497 564 2562 intentionem
580 2497 737 2560 versandi
754 2503 850 2560 extra
866 2498 1016 2559 claustra
1032 2496 1124 2557 ultra
1140 2515 1158 2556 2
1175 2493 1229 2556 vel

139 2580 254 2658 3dies‚
273 2579 337 2643 nisi
355 2583 506 2645 severius
533 2587 632 2646 sonet
658 2582 712 2644 lex
739 2580 875 2663 propria
901 2578 1049 2642 Ordinis.
1079 2577 1132 2640 Ita
1152 2575 1229 2638 Piat

141 2673 261 2743 Uip·
278 2683 350 2744 347·
563 2749 568 2760 ι
650 2747 655 2758 ,
750 2745 756 2757 ,
962 2744 968 2756 ,
1222 2740 1227 2752 ,

183 2747 272 2810 305.
290 2746 383 2810 Inter
399 2767 498 2810 casus
515 2767 570 2827 qui
596 2747 657 2810 soli
682 2747 820 2829 abipso
849 2745 1031 2828 Superiore
1058 2760 1229 2807 reservari

140 2834 295 2906 possunt,
312 2847 332 2888 a
349 2828 521 2892 Clemente
538 2847 599 2892 vin
616 2827 726 2910 posita
749 2836 811 2904 est,
832 2841 865 2908 3⁰
882 2831 968 2904 loco,
985 2854 999 2883 «
1016 2828 1180 2891 Nocturna
1196 2845 1231 2886 aa

132 2907 293 2988 furtivae
316 2912 501 2972 monasterio
523 2931 575 2972 seu
598 2916 743 2973 corruente
765 2911 906 2995 egressio,
924 2911 1018 2973 etiam
1043 2930 1103 2972 noa
1125 2909 1231 2971 aar'aro

139 2988 338 3132 appstataudi
359 2990 463 3072 sacta.
484 3019 497 3046 »
527 2994 646 3072 Itaque
662 2992 704 3055 ad
720 2993 989 3057 reservationem
1006 2994 1104 3055 istam
1121 2991 1231 3072 requi-

142 3091 170 3133 ri
190 3090 253 3134 ur:

187 3177 215 3218 1.
232 3155 391 3238 Egressio
404 3161 564 3234 nocturna,
583 3175 623 3218 ca
640 3176 706 3238 qua
719 3156 911 3220 dicebamus
930 3154 1073 3218 ratione.

179 3247 258 3325 Quid
271 3249 296 3307 si
310 3267 362 3323 per
381 3249 460 3307 diem
476 3267 612 3323 egressus
625 3260 712 3308 nocte
726 3267 788 3308 non
802 3251 904 3308 redeas
912 3249 1031 3322 {Casus
1044 3266 1106 3304 non
1120 3248 1234 3305 videtur

142 3335 262 3403 incurri,
283 3335 337 3392 etsi
352 3334 425 3392 illud
438 3335 617 3407 disputatur.

185 3443 216 3484 2.
240 3420 401 3501 Egressio
416 3419 553 3501 furtiua,
585 3439 645 3483 seu
675 3440 761 3502 quae
790 3421 828 3484 fit
858 3418 1017 3482 Praelato
1049 3417 1154 3481 inscio
1182 3417 1234 3480 vel

145 3503 265 3566 invito,
290 3504 432 3567 Furtiva
455 3523 521 3565 non
548 3502 692 3584 videtur,
724 3503 753 3568 si
783 3503 915 3566 sincere
943 3506 1160 3584 praesumpta
1191 3500 1234 3562 sit

144 3585 294 3650 licentia.
749 3611 751 3616 ·

173 3675 252 3755 Quid
265 3679 289 3735 si
310 3678 464 3737 Praelatus
477 3679 540 3752 ipse
556 3680 601 3737 vel
621 3679 722 3736 illicite
737 3696 874 3752 egressus
894 3678 931 3735 sit
944 3678 991 3736 vel
1006 3676 1107 3733 illicite
1121 3692 1235 3732 annue·

143 3761 202 3818 rit?
216 3762 413 3832 Arbitramur,
427 3772 531 3820 contra
545 3764 656 3821 multos
669 3774 781 3833 tamen,
797 3781 858 3821 non
875 3762 1023 3820 committi
1039 3777 1155 3817 casum.

189 3869 219 3928 3.
235 3848 395 3929 Egressio
411 3867 429 3910 e
453 3850 650 3914 monasterio.
675 3850 871 3913 Monasterii
888 3849 976 3913 ratio
992 3849 1142 3934 postulat
1159 3866 1234 3909 ora-

147 3931 273 3994 torium
304 3937 338 3994 et
367 3932 574 3997 clausuram.
605 3934 719 4016 Quare
745 3933 894 4014 egressio
925 3952 942 3995 e
973 3932 1053 3994 villa
1083 3931 1137 3993 hic
1168 3949 1234 3992 non

147 4015 319 4098 plectitur.

188 4099 276 4162 306.
301 4096 360 4160 111.
385 4096 482 4180 Quod
506 4104 620 4162 autem
644 4103 777 4181 spectat
799 4101 1000 4177 ingressum
1017 4098 1233 4157 mulierum:

146 4179 364 4243 Potissimum
392 4179 606 4244 observanda
633 4182 687 4245 hic
715 4188 766 4244 est
793 4180 832 4244 C.
860 4178 1029 4264 Regularr's
1055 4176 1236 4258 disciplinae

181 4415 187 4448 ¹
200 4412 275 4460 Casus
285 4413 444 4468 conscientiae,
458 4417 477 4462 t.
491 4432 513 4472 2,
526 4415 562 4462 De
572 4413 654 4475 officiis
668 4414 840 4474 religiosorum,
853 4427 876 4462 c.
889 4421 910 4470 3,
922 4418 933 4470 ξ
946 4421 966 4461 3.

1313 1253 1439 1312 Vispralii·

1280 1312 1388 1360 titionis.

1299 1597 1363 1671 Quid
1375 1599 1441 1648 nox?

1304 2350 1442 2457 Quidnam-

1283 2409 1306 2458 bt
1317 2425 1328 2456 e
1341 2409 1444 2470 tempus?

1314 2771 1444 2816 CusrrsCle·

1285 2831 1411 2878 atratinus.
1423 2877 1432 2888 ‚

1319 4114 1356 4160 De
1367 4119 1436 4162 vetita

1290 4171 1442 4220 ntulierumirt

1288 4244 1377 4288 gressu.
