3142 5004
154 442 339 526 [250-253]
430 463 467 498 or
482 459 716 498 ostronrroruaus
730 462 867 498 sarrarosr
883 462 1011 498 rsorrss1
1130 433 1134 438 ’
1190 437 1244 502 151

186 625 246 687 III.
270 627 321 685 De
336 624 464 685 morali
479 623 555 684 voti
570 623 797 700 paupertatis
812 621 1097 684 consideratione
1117 628 1153 682 et
1170 621 1214 682 de

555 729 642 791 vitis
668 731 846 791 contrario

199 889 287 952 252.
312 886 445 950 Omissa
469 889 577 949 altera
597 887 643 964 vi,
661 885 771 948 minus
788 885 983 962 universali,
1001 904 1067 966 qua
1083 885 1156 948 Deo
1173 905 1249 966 pro·

158 969 306 1033 mittitur
329 969 473 1052 abjectio
490 988 603 1032 rerum
627 967 885 1051 superfluarum,
904 976 1021 1029 votum
1038 967 1249 1050 paupertatis

156 1052 224 1115 huc
247 1060 389 1136 spectat,
416 1059 454 1114 ut
478 1053 553 1133 quis
578 1050 741 1132 religione
757 1051 991 1133 prohibeatur,
1010 1050 1131 1112 saltem
1155 1053 1251 1132 plene

156 1140 191 1197 et
219 1136 309 1199 licite
335 1154 496 1198 exercere
518 1134 574 1216 jus
601 1133 750 1197 dominii.
777 1133 865 1196 Huic
889 1132 1087 1213 obligationi
1113 1139 1250 1195 contra·

156 1217 245 1280 rium
283 1225 335 1280 est
372 1217 492 1280 vitium
528 1215 739 1300 proprietatis,
776 1235 842 1296 quo
879 1215 1056 1296 religiosus
1095 1214 1129 1276 in
1162 1215 1251 1278 rebus

156 1299 371 1382 temporalibus
388 1307 549 1362 versatur
572 1299 668 1379 quasi
692 1299 833 1361 haberet
852 1299 887 1378 (i.
903 1317 933 1362 e.
951 1298 1010 1360 tali
1039 1297 1176 1377 animo),
1193 1299 1250 1380 jus

161 1384 249 1462 quod
265 1383 328 1447 Dei
344 1401 450 1445 causa
466 1402 487 1445 a
503 1401 540 1445 se
557 1381 765 1464 abjudicavit

203 1467 332 1530 Contra
348 1472 467 1527 votum
483 1466 598 1545 itaque
613 1470 732 1526 externe
744 1463 940 1546 peccabitur
956 1463 1090 1527 actibus
1106 1463 1250 1527 exterio·

158 1554 251 1617 ribus
268 1548 324 1630 qui
340 1569 381 1610 ex
397 1547 592 1630 hujusmodi
609 1547 721 1609 animo
743 1554 902 1624 manant,
928 1546 1153 1623 intereavero,
1179 1546 1251 1626 ipso

159 1635 263 1696 anieno
278 1632 332 1692 vel
354 1629 506 1692 desiderio
530 1638 628 1691 actus
644 1629 752 1705 vetiti,
770 1629 905 1693 minime
922 1649 1002 1692 vero
1019 1648 1112 1691 mero
1128 1627 1250 1690 affectu

161 1718 204 1778 ad
227 1733 281 1776 res
304 1709 521 1794 temporales,
548 1711 611 1772 nisi
634 1718 750 1774 tantus
784 1711 907 1774 evadat
930 1719 967 1774 ut
995 1713 1027 1775 in
1061 1711 1249 1794 proximum

162 1799 265 1860 ducat
280 1795 468 1876 periculum
484 1793 647 1875 peccandi
663 1804 783 1855 contra
799 1805 929 1857 votum.

202 1880 290 1945 253.
312 1898 340 1939 1.
358 1878 507 1954 Species
524 1877 671 1938 moralis
687 1881 745 1957 per
765 1897 795 1937 sc
811 1884 884 1938 tota
903 1883 1031 1958 quanta
1046 1875 1193 1958 pertinet
1208 1876 1251 1939 ad

159 1963 323 2025 virtutem
338 1956 513 2040 religionis.

192 2064 346 2123 Immerito
357 2063 476 2120 hicnon
487 2063 585 2136 pauci,
597 2071 664 2136 post
674 2061 768 2136 Gury,
779 2080 812 2134 11,
822 2077 853 2138 15
858 2077 874 2138 5
888 2075 908 2134 1,
920 2061 1071 2119 finxerunt
1086 2062 1248 2135 specialem

157 2152 291 2225 aliquam
302 2148 441 2205 virtutem
454 2147 646 2220 paupertatis.
658 2144 805 2216 Proiecto,
816 2164 894 2220 quae
904 2156 1047 2203 consueta
1056 2155 1100 2203 est
1110 2147 1155 2202 vis
1166 2164 1251 2219 regu-

159 2237 206 2293 lae
219 2229 453 2306 supernaturalis
466 2228 508 2302 (S.
523 2228 582 2287 Th.
597 2245 623 2299 1,
634 2246 662 2299 2,
677 2247 706 2302 q.
717 2229 763 2302 63,
774 2239 830 2287 art.
844 2230 883 2304 4),
895 2247 931 2286 ex
944 2240 1014 2286 voto
1024 2240 1053 2286 et
1066 2247 1103 2286 ex
1115 2238 1251 2302 suscepto

158 2329 236 2376 statu
257 2317 319 2389 ipse
339 2314 447 2371 modus
465 2330 518 2370 seu
538 2313 671 2370 medium
691 2314 836 2370 virtutum
851 2313 966 2370 variare
986 2313 1103 2386 poterit.
1125 2311 1184 2382 Sic,
1199 2312 1251 2386 qui

157 2401 288 2457 studiose
300 2396 369 2455 colit
378 2405 596 2469 paupertatem,
608 2397 727 2454 laudem
738 2396 859 2454 habebit
869 2397 948 2454 illius
958 2393 1204 2470 modestiaequae
1213 2395 1251 2454 ad

157 2482 386 2556 temperantiam
406 2477 531 2537 refertur
555 2489 584 2536 et
606 2480 777 2537 moderatur
799 2497 886 2537 usum
910 2497 1010 2537 rerum
1035 2480 1249 2551 humanarum,

157 2567 204 2624 vel
218 2559 412 2634 humititatis,
424 2563 470 2620 vel
479 2559 653 2642 patientiae,
670 2573 726 2622 etc.
738 2563 830 2621 Nulla
839 2574 942 2621 autem
956 2573 1000 2620 est
1010 2563 1103 2620 virtus
1115 2561 1252 2635 specialis

157 2650 349 2726 paupertatis,
378 2665 448 2704 curn
472 2649 528 2725 per
555 2665 584 2706 se
605 2648 644 2704 sit
665 2645 840 2706 indifferens
862 2649 905 2705 uti
930 2648 977 2704 vel
1004 2663 1103 2704 carere
1130 2646 1249 2718 divitiis,

156 2735 325 2806 harumque
337 2730 465 2808 abjectio
475 2749 537 2789 non
550 2746 668 2805 propter
680 2749 712 2789 se
727 2733 967 2790 commendetur.
985 2755 999 2784 e
1012 2731 1081 2789 Non
1093 2743 1252 2805 paupertas

1334 914 1455 978 ottigartp

1304 978 1355 1019 vati
1369 985 1414 1031 quo

1304 1034 1384 1090 spectet
1397 1029 1410 1077 i

1309 1252 1401 1299 Vitium
1412 1255 1467 1311 pra·

1301 1310 1422 1370 prietatis.

1333 1503 1435 1550 Peccata

1307 1565 1412 1609 externa.

1333 1672 1348 1720 I
1350 1677 1441 1720 aterna.

1334 1813 1425 1872 Species

1305 1870 1414 1917 moralis.

1334 1928 1450 1975 Proxime

1305 1985 1446 2031 adversatur

1306 2041 1427 2100 religioni.
1510 2099 1513 2104 .

1304 2121 1380 2170 Estne
1390 2125 1466 2171 virtus

1302 2184 1459 2242 paupertatis.

157 2818 321 2875 secundum
348 2833 379 2872 se
402 2815 481 2872 bona
504 2823 558 2886 est,
581 2816 681 2873 sedin
707 2826 853 2889 quantum
872 2816 977 2873 liberat
997 2815 1036 2872 ab
1060 2816 1118 2872 illis
1142 2815 1252 2888 quibus
1331 2845 1336 2855 .

158 2902 250 2958 horno
263 2900 424 2973 impeditur
437 2901 605 2974 quominus
626 2900 828 2974 spiritualibus
848 2900 1016 2957 intendat.2
1031 2921 1044 2950 s
1065 2897 1126 2957 Cir.
1140 2898 1251 2958 Suarea

158 2986 178 3042 l.
193 3003 220 3042 c.
234 3003 260 3042 c.
274 3002 302 3055 2,
318 3003 349 3041 n.
365 2983 399 3054 63
424 2996 453 3040 et
478 2983 652 3054 Bucceroni,
667 2981 766 3044 [restit.
781 2979 867 3042 theol.
880 3001 957 3043 mor.
972 2993 993 3041 t.
1008 3001 1035 3054 2,
1052 3002 1081 3057 p.
1097 2998 1141 3059 75,
1157 3003 1187 3042 n.
1203 3000 1249 3058 31.

201 3103 233 3144 a.
258 3082 375 3161 Itaque
398 3089 574 3162 peccatum
599 3088 720 3144 contra
742 3089 859 3144 votum
884 3081 1032 3164 proxime
1055 3088 1107 3143 est
1130 3087 1250 3143 contra

160 3162 350 3247 religionem.
368 3163 500 3224 Poterit
513 3171 638 3241 autem,
656 3186 697 3228 ex
711 3162 820 3244 affectu
832 3166 885 3225 vel
902 3164 1014 3244 objecto
1034 3167 1135 3226 etiam
1152 3163 1249 3226 alteri

161 3245 281 3311 virtuti
294 3245 482 3323 adversari,
501 3253 535 3307 et
551 3247 761 3328 potissimum
770 3246 927 3328 justitiae.

204 3331 312 3392 Porro
323 3335 502 3410 peccatum
520 3329 666 3408 religiosi
681 3337 733 3392 est
747 3329 935 3410 injustitiae:
952 3334 1023 3388 tum
1039 3327 1173 3407 quando
1187 3327 1250 3391 sibi

162 3417 304 3493 usurpat
327 3410 451 3490 aliquid
475 3429 516 3471 ex
543 3411 640 3473 bonis
659 3412 728 3494 jam
751 3432 772 3474 a
787 3419 993 3474 monasterio
1016 3410 1192 3492 possessis,
1212 3416 1249 3473 ut

160 3501 270 3578 patet3
288 3501 359 3556 tum
377 3492 491 3569 etiam,
506 3499 592 3556 teste
606 3494 705 3556 Suar.
720 3497 742 3557 l.
759 3515 788 3557 c.
803 3514 832 3556 c.
847 3499 877 3572 6,
895 3515 942 3571 12,
956 3493 1090 3572 quando
1106 3499 1249 3575 usurpat

162 3587 199 3641 ut
211 3576 347 3660 propria
360 3575 418 3638 illa
433 3594 519 3655 quae
536 3578 742 3639 monasterio
757 3577 933 3657 acquirere
949 3575 1104 3638 debebat.
1121 3577 1248 3659 Hujus-

163 3657 252 3723 modi
268 3667 348 3721 sunt
364 3658 476 3720 omnia
492 3678 578 3740 quae
594 3659 739 3739 acquirit
764 3660 971 3722 sollemniter
997 3658 1170 3740 professus
1190 3665 1249 3722 aut

161 3743 247 3805 alius
262 3743 358 3823 cujus
371 3749 488 3803 votum
501 3743 711 3825 paupertatis
723 3762 829 3822 aeque
842 3745 909 3804 late
922 3749 1048 3823 pateat,
1059 3742 1138 3804 dum
1148 3761 1249 3822 quae-

163 3825 239 3887 dam
265 3824 513 3905 patrimonialia
541 3844 608 3886 non
636 3845 726 3902 raro,
753 3833 791 3886 ut
817 3825 943 3887 dictum
971 3831 1033 3902 est,
1052 3823 1085 3887 in
1109 3824 1249 3907 simplici

163 3912 244 3966 voto
260 3905 483 3987 excipiuntur.
501 3907 602 3969 Ratio
625 3907 850 3971 conclusionis
873 3913 935 3986 est,
964 3907 1054 3986 quia,
1071 3907 1119 3969 ait
1145 3907 1246 3971 Suar.

181 4135 199 4200 ‚¹
210 4132 266 4182 Cir.
279 4149 304 4181 v.
316 4147 355 4194 gr.
369 4135 510 4192 Ballerini,
522 4136 557 4185 ad
568 4136 642 4185 hunc
653 4138 754 4194 locum,
773 4150 806 4184 ex
821 4150 877 4196 quo
892 4141 1007 4203 apparet
1022 4136 1155 4186 ficticiam
1167 4137 1248 4187 istam

159 4198 289 4241 vsrtutem
300 4194 385 4258 talem,
393 4207 451 4241 esse
462 4202 558 4242 contra
568 4209 652 4255 quam
662 4194 770 4254 peccari
783 4208 838 4242 non
849 4204 950 4254 possm
964 4196 1006 4242 vel
1018 4196 1052 4244 R.
1067 4196 1098 4243 P.
1115 4197 1248 4251 Angelum

159 4265 177 4299 a
189 4252 216 4300 S.
229 4251 327 4307 Corde,
340 4265 397 4310 qut,
409 4266 436 4299 n.
449 4257 501 4304 250.
514 4252 609 4300 definit
632 4252 703 4300 hanc
718 4251 846 4300 virtutem
857 4265 890 4300 ac
901 4251 923 4300 si
935 4261 1006 4300 esset
1018 4251 1046 4300 in
1060 4250 1141 4301 nobis
1152 4266 1248 4301 sensus

160 4309 273 4369 quidam
283 4310 411 4375 specialis
422 4323 478 4369 quo
494 4310 521 4357 in
538 4307 611 4375 bona
627 4309 788 4370 temporalia
799 4309 928 4368 feramur,
949 4309 1016 4360 dum
1032 4323 1088 4359 uno
1100 4310 1249 4370 voluptatis

161 4368 204 4414 vel
214 4366 327 4416 honoris
337 4368 430 4416 studio
442 4380 475 4415 ea
485 4375 651 4427 appetimus.

165 4457 168 4462 <
191 4425 239 4474 ²S.
252 4423 382 4484 Thomas,
395 4428 413 4474 l.
426 4432 449 4484 3,
462 4425 555 4474 Contra
567 4425 677 4480 Gentiles,
691 4438 716 4475 c.
730 4431 782 4478 ι33.

1328 3091 1466 3142 accedentes

1304 3151 1395 3210 species.
