<?xml version="1.0" encoding="UTF-8"?>
<!DOCTYPE html PUBLIC "-//W3C//DTD XHTML 1.0 Transitional//EN"
    "http://www.w3.org/TR/xhtml1/DTD/xhtml1-transitional.dtd">
<html xmlns="http://www.w3.org/1999/xhtml" xml:lang="en" lang="en">
 <head>
  <title>
</title>
<meta http-equiv="Content-Type" content="text/html;charset=utf-8" />
  <meta name='ocr-system' content='tesseract 3.04.00' />
  <meta name='ocr-capabilities' content='ocr_page ocr_carea ocr_par ocr_line ocrx_word'/>
</head>
<body>
  <div class='ocr_page' id='page_1' title='image "./dereligiosisins00vermgoog_0316.png"; bbox 0 0 3138 5014; ppageno 0'>
   <div class='ocr_carea' id='block_1_1' title="bbox 147 483 1234 575">
    <p class='ocr_par' dir='ltr' id='par_1_1' title="bbox 147 483 1234 575">
     <span class='ocr_line' id='line_1_1' title="bbox 147 483 1234 575; baseline -0.009 -20"><span class='ocrx_word' id='word_1_1' title='bbox 147 494 294 575; x_wconf 79' lang='grc'>[468-46</span> <span class='ocrx_word' id='word_1_2' title='bbox 299 492 333 571; x_wconf 85' lang='lat'>9]</span> <span class='ocrx_word' id='word_1_3' title='bbox 475 513 510 545; x_wconf 75' lang='lat' dir='ltr'>nr.</span> <span class='ocrx_word' id='word_1_4' title='bbox 526 510 709 545; x_wconf 71' lang='lat' dir='ltr'>sacramanto</span> <span class='ocrx_word' id='word_1_5' title='bbox 726 510 933 546; x_wconf 79' lang='lat' dir='ltr'>PAENtTENTIAE</span> <span class='ocrx_word' id='word_1_6' title='bbox 1178 483 1234 546; x_wconf 65' lang='grc' dir='ltr'>ο281</span> 
     </span>
    </p>
   </div>
   <div class='ocr_carea' id='block_1_2' title="bbox 70 642 1451 1636">
    <p class='ocr_par' dir='ltr' id='par_1_2' title="bbox 145 642 1238 879">
     <span class='ocr_line' id='line_1_2' title="bbox 145 642 1238 723; baseline -0.008 -11"><span class='ocrx_word' id='word_1_7' title='bbox 145 651 234 714; x_wconf 88' lang='lat' dir='ltr'>inter</span> <span class='ocrx_word' id='word_1_8' title='bbox 264 647 457 711; x_wconf 88' lang='lat' dir='ltr'>Missionem</span> <span class='ocrx_word' id='word_1_9' title='bbox 484 645 631 708; x_wconf 84' lang='lat' dir='ltr'>resident</span> <span class='ocrx_word' id='word_1_10' title='bbox 657 665 792 707; x_wconf 83' lang='lat' dir='ltr'>sacrum</span> <span class='ocrx_word' id='word_1_11' title='bbox 815 644 938 707; x_wconf 86' lang='lat' dir='ltr'>facere.</span> <span class='ocrx_word' id='word_1_12' title='bbox 962 642 1144 723; x_wconf 83' lang='lat' dir='ltr'>Privilegia</span> <span class='ocrx_word' id='word_1_13' title='bbox 1173 643 1238 711; x_wconf 82' lang='lat' dir='ltr'>ista</span> 
     </span>
     <span class='ocr_line' id='line_1_3' title="bbox 146 727 1237 810; baseline -0.007 -14"><span class='ocrx_word' id='word_1_14' title='bbox 146 731 308 796; x_wconf 87' lang='lat' dir='ltr'>beneficio</span> <span class='ocrx_word' id='word_1_15' title='bbox 335 728 648 793; x_wconf 83' lang='lat' dir='ltr'>communicationis</span> <span class='ocrx_word' id='word_1_16' title='bbox 688 727 936 810; x_wconf 86' lang='lat' dir='ltr'>privilegiorum</span> <span class='ocrx_word' id='word_1_17' title='bbox 972 747 1038 790; x_wconf 93' lang='lat' dir='ltr'>non</span> <span class='ocrx_word' id='word_1_18' title='bbox 1078 727 1237 794; x_wconf 83' lang='lat' dir='ltr'>videntur</span> 
     </span>
     <span class='ocr_line' id='line_1_4' title="bbox 147 813 1189 879; baseline -0.009 0"><span class='ocrx_word' id='word_1_19' title='bbox 147 813 291 879; x_wconf 83' lang='lat' dir='ltr'>excludi.</span> <span class='ocrx_word' id='word_1_20' title='bbox 1076 831 1079 836; x_wconf 90' lang='lat'>·</span> <span class='ocrx_word' id='word_1_21' title='bbox 1186 821 1189 830; x_wconf 86' lang='grc'><strong>“</strong></span> 
     </span>
    </p>

    <p class='ocr_par' dir='ltr' id='par_1_3' title="bbox 147 892 1450 1222">
     <span class='ocr_line' id='line_1_5' title="bbox 188 892 1450 979; baseline -0.007 -20"><span class='ocrx_word' id='word_1_22' title='bbox 188 922 219 979; x_wconf 87' lang='lat'>4.</span> <span class='ocrx_word' id='word_1_23' title='bbox 244 897 282 959; x_wconf 84' lang='lat' dir='ltr'>ln</span> <span class='ocrx_word' id='word_1_24' title='bbox 297 895 403 957; x_wconf 76' lang='lat' dir='ltr'>itinere</span> <span class='ocrx_word' id='word_1_25' title='bbox 429 916 469 957; x_wconf 90' lang='lat' dir='ltr'>ex</span> <span class='ocrx_word' id='word_1_26' title='bbox 491 892 639 974; x_wconf 88' lang='lat' dir='ltr'>qualibet</span> <span class='ocrx_word' id='word_1_27' title='bbox 656 912 759 954; x_wconf 89' lang='lat' dir='ltr'>causa</span> <span class='ocrx_word' id='word_1_28' title='bbox 775 901 944 976; x_wconf 89' lang='lat' dir='ltr'>suscept0,</span> <span class='ocrx_word' id='word_1_29' title='bbox 964 898 1105 974; x_wconf 87' lang='lat' dir='ltr'>possunt</span> <span class='ocrx_word' id='word_1_30' title='bbox 1124 893 1236 971; x_wconf 81' lang='lat' dir='ltr'>Regu·</span> <span class='ocrx_word' id='word_1_31' title='bbox 1315 901 1347 948; x_wconf 82' lang='lat' dir='ltr'>ln</span> <span class='ocrx_word' id='word_1_32' title='bbox 1360 903 1450 950; x_wconf 66' lang='lat' dir='ltr'>funere.</span> 
     </span>
     <span class='ocr_line' id='line_1_6' title="bbox 147 975 1237 1058; baseline -0.006 -16"><span class='ocrx_word' id='word_1_33' title='bbox 147 981 248 1057; x_wconf 77' lang='lat' dir='ltr'>larse,</span> <span class='ocrx_word' id='word_1_34' title='bbox 266 999 307 1041; x_wconf 91' lang='lat' dir='ltr'>ex</span> <span class='ocrx_word' id='word_1_35' title='bbox 323 976 626 1040; x_wconf 80' lang='lat' dir='ltr'>communicatione</span> <span class='ocrx_word' id='word_1_36' title='bbox 642 975 807 1058; x_wconf 81' lang='lat' dir='ltr'>privilegii</span> <span class='ocrx_word' id='word_1_37' title='bbox 832 977 957 1051; x_wconf 63' lang='lat' dir='ltr'>Conzr.</span> <span class='ocrx_word' id='word_1_38' title='bbox 984 976 1045 1038; x_wconf 89' lang='lat' dir='ltr'>SS.</span> <span class='ocrx_word' id='word_1_39' title='bbox 1071 975 1237 1056; x_wconf 85' lang='lat' dir='ltr'>Redemp-</span> 
     </span>
     <span class='ocr_line' id='line_1_7' title="bbox 149 1057 1236 1140; baseline -0.006 -15"><span class='ocrx_word' id='word_1_40' title='bbox 149 1063 243 1140; x_wconf 77' lang='lat' dir='ltr'>toriS,</span> <span class='ocrx_word' id='word_1_41' title='bbox 276 1061 447 1123; x_wconf 88' lang='lat' dir='ltr'>celebrare</span> <span class='ocrx_word' id='word_1_42' title='bbox 476 1060 510 1122; x_wconf 93' lang='lat' dir='ltr'>in</span> <span class='ocrx_word' id='word_1_43' title='bbox 539 1059 698 1122; x_wconf 89' lang='lat' dir='ltr'>oratoriis</span> <span class='ocrx_word' id='word_1_44' title='bbox 728 1060 868 1139; x_wconf 87' lang='lat' dir='ltr'>privatis</span> <span class='ocrx_word' id='word_1_45' title='bbox 899 1059 1075 1122; x_wconf 92' lang='lat' dir='ltr'>domorum</span> <span class='ocrx_word' id='word_1_46' title='bbox 1108 1057 1236 1136; x_wconf 83' lang='lat' dir='ltr'>absque</span> 
     </span>
     <span class='ocr_line' id='line_1_8' title="bbox 149 1141 1234 1222; baseline -0.004 -16"><span class='ocrx_word' id='word_1_47' title='bbox 149 1145 359 1207; x_wconf 88' lang='lat' dir='ltr'>ordinatione</span> <span class='ocrx_word' id='word_1_48' title='bbox 381 1152 414 1204; x_wconf 87' lang='lat' dir='ltr'>et</span> <span class='ocrx_word' id='word_1_49' title='bbox 436 1142 630 1205; x_wconf 86' lang='lat' dir='ltr'>assistentia</span> <span class='ocrx_word' id='word_1_50' title='bbox 646 1141 819 1205; x_wconf 89' lang='lat' dir='ltr'>lndultarii</span> <span class='ocrx_word' id='word_1_51' title='bbox 836 1143 858 1205; x_wconf 86' lang='lat'>¹.</span> <span class='ocrx_word' id='word_1_52' title='bbox 883 1143 967 1218; x_wconf 63' lang='lat' dir='ltr'>Piusv</span> <span class='ocrx_word' id='word_1_53' title='bbox 986 1141 1234 1222; x_wconf 82' lang='lat' dir='ltr'>v11‚Rescript.</span> 
     </span>
    </p>

    <p class='ocr_par' dir='ltr' id='par_1_4' title="bbox 70 1228 906 1309">
     <span class='ocr_line' id='line_1_9' title="bbox 70 1228 906 1309; baseline -0.018 -17"><span class='ocrx_word' id='word_1_54' title='bbox 70 1285 72 1292; x_wconf 93' lang='lat'>.</span> <span class='ocrx_word' id='word_1_55' title='bbox 151 1228 382 1309; x_wconf 79' lang='lat' dir='ltr'>aojun.1820.</span> <span class='ocrx_word' id='word_1_56' title='bbox 904 1287 906 1290; x_wconf 45' lang='lat'>.</span> 
     </span>
    </p>

    <p class='ocr_par' dir='ltr' id='par_1_5' title="bbox 149 1305 1451 1636">
     <span class='ocr_line' id='line_1_10' title="bbox 191 1305 1428 1389; baseline -0.006 -17"><span class='ocrx_word' id='word_1_57' title='bbox 191 1309 343 1389; x_wconf 85' lang='lat' dir='ltr'>Denique</span> <span class='ocrx_word' id='word_1_58' title='bbox 366 1310 406 1371; x_wconf 90' lang='lat' dir='ltr'>de</span> <span class='ocrx_word' id='word_1_59' title='bbox 429 1307 501 1369; x_wconf 91' lang='lat' dir='ltr'>istis</span> <span class='ocrx_word' id='word_1_60' title='bbox 525 1305 707 1388; x_wconf 82' lang='lat' dir='ltr'>privilegiis</span> <span class='ocrx_word' id='word_1_61' title='bbox 729 1307 764 1368; x_wconf 90' lang='lat' dir='ltr'>in</span> <span class='ocrx_word' id='word_1_62' title='bbox 786 1307 983 1370; x_wconf 90' lang='lat' dir='ltr'>universum</span> <span class='ocrx_word' id='word_1_63' title='bbox 1000 1307 1031 1369; x_wconf 92' lang='lat' dir='ltr'>id</span> <span class='ocrx_word' id='word_1_64' title='bbox 1047 1305 1234 1368; x_wconf 88' lang='lat' dir='ltr'>observan·</span> <span class='ocrx_word' id='word_1_65' title='bbox 1325 1328 1428 1388; x_wconf 68' lang='lat' dir='ltr'>Qritnam</span> 
     </span>
     <span class='ocr_line' id='line_1_11' title="bbox 149 1388 1451 1489; baseline -0.002 -33"><span class='ocrx_word' id='word_1_66' title='bbox 149 1394 227 1456; x_wconf 93' lang='lat' dir='ltr'>dum</span> <span class='ocrx_word' id='word_1_67' title='bbox 240 1401 303 1468; x_wconf 88' lang='lat' dir='ltr'>est,</span> <span class='ocrx_word' id='word_1_68' title='bbox 321 1393 448 1467; x_wconf 88' lang='lat' dir='ltr'>eadem,</span> <span class='ocrx_word' id='word_1_69' title='bbox 466 1393 493 1453; x_wconf 92' lang='lat' dir='ltr'>si</span> <span class='ocrx_word' id='word_1_70' title='bbox 509 1389 576 1451; x_wconf 88' lang='lat' dir='ltr'>sint</span> <span class='ocrx_word' id='word_1_71' title='bbox 587 1388 763 1470; x_wconf 74' lang='lat' dir='ltr'>personalia</span> <span class='ocrx_word' id='word_1_72' title='bbox 778 1409 838 1451; x_wconf 90' lang='lat' dir='ltr'>seu</span> <span class='ocrx_word' id='word_1_73' title='bbox 854 1391 983 1452; x_wconf 88' lang='lat' dir='ltr'>directa</span> <span class='ocrx_word' id='word_1_74' title='bbox 999 1390 1041 1452; x_wconf 88' lang='lat' dir='ltr'>ad</span> <span class='ocrx_word' id='word_1_75' title='bbox 1057 1407 1233 1471; x_wconf 79' lang='lat' dir='ltr'>personas,</span> <span class='ocrx_word' id='word_1_76' title='bbox 1294 1388 1350 1489; x_wconf 47' lang='lat'>{⁵2²3</span> <span class='ocrx_word' id='word_1_77' title='bbox 1374 1388 1451 1488; x_wconf 59' lang='lat' dir='ltr'>ppei·</span> 
     </span>
     <span class='ocr_line' id='line_1_12' title="bbox 149 1458 1411 1562; baseline -0.006 -24"><span class='ocrx_word' id='word_1_78' title='bbox 149 1496 215 1538; x_wconf 93' lang='lat' dir='ltr'>non</span> <span class='ocrx_word' id='word_1_79' title='bbox 229 1476 385 1557; x_wconf 84' lang='lat' dir='ltr'>prodesse</span> <span class='ocrx_word' id='word_1_80' title='bbox 398 1473 460 1535; x_wconf 90' lang='lat' dir='ltr'>nisi</span> <span class='ocrx_word' id='word_1_81' title='bbox 473 1472 708 1552; x_wconf 85' lang='lat' dir='ltr'>Regularibus,</span> <span class='ocrx_word' id='word_1_82' title='bbox 726 1474 753 1534; x_wconf 93' lang='lat' dir='ltr'>si</span> <span class='ocrx_word' id='word_1_83' title='bbox 766 1492 847 1535; x_wconf 89' lang='lat' dir='ltr'>vero</span> <span class='ocrx_word' id='word_1_84' title='bbox 860 1473 927 1534; x_wconf 92' lang='lat' dir='ltr'>sint</span> <span class='ocrx_word' id='word_1_85' title='bbox 939 1471 1050 1535; x_wconf 77' lang='lat' dir='ltr'>localia</span> <span class='ocrx_word' id='word_1_86' title='bbox 1064 1474 1235 1534; x_wconf 85' lang='lat' dir='ltr'>seculares</span> <span class='ocrx_word' id='word_1_87' title='bbox 1291 1458 1411 1562; x_wconf 49' lang='lat' dir='ltr'>{ggfnl‘p&#39;</span> 
     </span>
     <span class='ocr_line' id='line_1_13' title="bbox 150 1554 817 1636; baseline -0.004 -16"><span class='ocrx_word' id='word_1_88' title='bbox 150 1578 267 1620; x_wconf 88' lang='lat' dir='ltr'>eorum</span> <span class='ocrx_word' id='word_1_89' title='bbox 279 1577 342 1620; x_wconf 91' lang='lat' dir='ltr'>usu</span> <span class='ocrx_word' id='word_1_90' title='bbox 359 1556 494 1619; x_wconf 90' lang='lat' dir='ltr'>minime</span> <span class='ocrx_word' id='word_1_91' title='bbox 507 1574 565 1636; x_wconf 88' lang='lat' dir='ltr'>per</span> <span class='ocrx_word' id='word_1_92' title='bbox 580 1574 616 1617; x_wconf 87' lang='lat' dir='ltr'>se</span> <span class='ocrx_word' id='word_1_93' title='bbox 632 1554 817 1635; x_wconf 87' lang='lat' dir='ltr'>prohiberi.</span> 
     </span>
    </p>
   </div>
   <div class='ocr_carea' id='block_1_3' title="bbox 354 1834 1034 2082">
    <p class='ocr_par' dir='ltr' id='par_1_6' title="bbox 354 1834 1034 2082">
     <span class='ocr_line' id='line_1_14' title="bbox 553 1834 839 1916; baseline -0.003 -1"><span class='ocrx_word' id='word_1_94' title='bbox 553 1834 748 1916; x_wconf 84' lang='lat' dir='ltr'>CAPUT</span> <span class='ocrx_word' id='word_1_95' title='bbox 781 1835 839 1914; x_wconf 89' lang='grc' dir='ltr'>ΙΙΙ</span> 
     </span>
     <span class='ocr_line' id='line_1_15' title="bbox 354 1959 1034 2082; baseline -0.006 -1"><span class='ocrx_word' id='word_1_96' title='bbox 354 2017 407 2081; x_wconf 81' lang='lat' dir='ltr'>un</span> <span class='ocrx_word' id='word_1_97' title='bbox 431 2015 705 2082; x_wconf 78' lang='lat' dir='ltr'>sncnsnnuro</span> <span class='ocrx_word' id='word_1_98' title='bbox 729 1959 1034 2079; x_wconf 79' lang='lat' dir='ltr'>rnnuirnurnu</span> 
     </span>
    </p>
   </div>
   <div class='ocr_carea' id='block_1_4' title="bbox 447 2177 944 2240">
    <p class='ocr_par' dir='ltr' id='par_1_7' title="bbox 447 2177 944 2240">
     <span class='ocr_line' id='line_1_16' title="bbox 447 2177 944 2240; baseline 0.004 -2"><span class='ocrx_word' id='word_1_99' title='bbox 447 2177 474 2239; x_wconf 94' lang='lat' dir='ltr'>I.</span> <span class='ocrx_word' id='word_1_100' title='bbox 499 2179 539 2237; x_wconf 91' lang='lat' dir='ltr'>In</span> <span class='ocrx_word' id='word_1_101' title='bbox 562 2179 748 2239; x_wconf 88' lang='lat' dir='ltr'>ordinibus</span> <span class='ocrx_word' id='word_1_102' title='bbox 770 2178 944 2240; x_wconf 88' lang='lat' dir='ltr'>virorum.</span> 
     </span>
    </p>
   </div>
   <div class='ocr_carea' id='block_1_5' title="bbox 153 2332 1457 3501">
    <p class='ocr_par' dir='ltr' id='par_1_8' title="bbox 153 2332 1457 2830">
     <span class='ocr_line' id='line_1_17' title="bbox 194 2332 1456 2426; baseline -0.007 -24"><span class='ocrx_word' id='word_1_103' title='bbox 194 2338 284 2401; x_wconf 82' lang='lat'>469.</span> <span class='ocrx_word' id='word_1_104' title='bbox 301 2336 452 2396; x_wconf 89' lang='lat' dir='ltr'>Cuinam</span> <span class='ocrx_word' id='word_1_105' title='bbox 479 2336 637 2398; x_wconf 88' lang='lat' dir='ltr'>confiteri</span> <span class='ocrx_word' id='word_1_106' title='bbox 662 2338 813 2414; x_wconf 86' lang='lat' dir='ltr'>possint.</span> <span class='ocrx_word' id='word_1_107' title='bbox 835 2355 862 2398; x_wconf 91' lang='lat'>1.</span> <span class='ocrx_word' id='word_1_108' title='bbox 880 2335 1066 2415; x_wconf 84' lang='lat' dir='ltr'>Regulares</span> <span class='ocrx_word' id='word_1_109' title='bbox 1082 2332 1238 2414; x_wconf 90' lang='lat' dir='ltr'>exempti,</span> <span class='ocrx_word' id='word_1_110' title='bbox 1324 2369 1456 2426; x_wconf 45' lang='grc' dir='ltr'>ΜΝ</span> 
     </span>
     <span class='ocr_line' id='line_1_18' title="bbox 155 2415 1456 2501; baseline -0.01 -16"><span class='ocrx_word' id='word_1_111' title='bbox 155 2419 218 2485; x_wconf 87' lang='lat' dir='ltr'>nisi</span> <span class='ocrx_word' id='word_1_112' title='bbox 234 2419 350 2481; x_wconf 87' lang='lat' dir='ltr'>malint</span> <span class='ocrx_word' id='word_1_113' title='bbox 366 2424 484 2501; x_wconf 88' lang='lat' dir='ltr'>sponte</span> <span class='ocrx_word' id='word_1_114' title='bbox 508 2437 569 2480; x_wconf 90' lang='lat' dir='ltr'>sua</span> <span class='ocrx_word' id='word_1_115' title='bbox 593 2419 764 2500; x_wconf 89' lang='lat' dir='ltr'>proprium</span> <span class='ocrx_word' id='word_1_116' title='bbox 781 2418 975 2481; x_wconf 86' lang='lat' dir='ltr'>Praelatum</span> <span class='ocrx_word' id='word_1_117' title='bbox 991 2418 1033 2479; x_wconf 86' lang='lat' dir='ltr'>ad</span> <span class='ocrx_word' id='word_1_118' title='bbox 1049 2415 1239 2478; x_wconf 85' lang='lat' dir='ltr'>faciendam</span> <span class='ocrx_word' id='word_1_119' title='bbox 1298 2428 1456 2497; x_wconf 59' lang='lat' dir='ltr'>messurae</span> 
     </span>
     <span class='ocr_line' id='line_1_19' title="bbox 154 2485 1457 2593; baseline -0.005 -27"><span class='ocrx_word' id='word_1_120' title='bbox 154 2501 399 2566; x_wconf 87' lang='lat' dir='ltr'>confessionem</span> <span class='ocrx_word' id='word_1_121' title='bbox 415 2501 550 2582; x_wconf 86' lang='lat' dir='ltr'>eligere,</span> <span class='ocrx_word' id='word_1_122' title='bbox 568 2502 663 2563; x_wconf 91' lang='lat' dir='ltr'>adire</span> <span class='ocrx_word' id='word_1_123' title='bbox 676 2501 797 2563; x_wconf 86' lang='lat' dir='ltr'>debent</span> <span class='ocrx_word' id='word_1_124' title='bbox 811 2521 914 2562; x_wconf 91' lang='lat' dir='ltr'>unum</span> <span class='ocrx_word' id='word_1_125' title='bbox 927 2500 1054 2562; x_wconf 87' lang='lat' dir='ltr'>existis</span> <span class='ocrx_word' id='word_1_126' title='bbox 1069 2499 1240 2561; x_wconf 84' lang='lat' dir='ltr'>confessa·</span> <span class='ocrx_word' id='word_1_127' title='bbox 1296 2494 1363 2593; x_wconf 49' lang='lat'>{2124</span> <span class='ocrx_word' id='word_1_128' title='bbox 1384 2485 1457 2534; x_wconf 62' lang='lat' dir='ltr'>urdi-</span> 
     </span>
     <span class='ocr_line' id='line_1_20' title="bbox 153 2581 1357 2667; baseline -0.005 -17"><span class='ocrx_word' id='word_1_129' title='bbox 153 2586 212 2650; x_wconf 91' lang='lat' dir='ltr'>riis</span> <span class='ocrx_word' id='word_1_130' title='bbox 234 2605 318 2666; x_wconf 90' lang='lat' dir='ltr'>quos</span> <span class='ocrx_word' id='word_1_131' title='bbox 345 2585 440 2647; x_wconf 90' lang='lat' dir='ltr'>binos</span> <span class='ocrx_word' id='word_1_132' title='bbox 467 2586 520 2646; x_wconf 90' lang='lat' dir='ltr'>vel</span> <span class='ocrx_word' id='word_1_133' title='bbox 546 2585 670 2667; x_wconf 92' lang='lat' dir='ltr'>plures,</span> <span class='ocrx_word' id='word_1_134' title='bbox 702 2605 763 2666; x_wconf 91' lang='lat' dir='ltr'>pro</span> <span class='ocrx_word' id='word_1_135' title='bbox 790 2604 930 2646; x_wconf 87' lang='lat' dir='ltr'>numero</span> <span class='ocrx_word' id='word_1_136' title='bbox 956 2582 1182 2657; x_wconf 90' lang='lat' dir='ltr'>subditorum,</span> <span class='ocrx_word' id='word_1_137' title='bbox 1209 2583 1242 2644; x_wconf 92' lang='lat' dir='ltr'>in</span> <span class='ocrx_word' id='word_1_138' title='bbox 1352 2581 1357 2594; x_wconf 85' lang='grc'>’</span> 
     </span>
     <span class='ocr_line' id='line_1_21' title="bbox 154 2665 1335 2750; baseline -0.003 -19"><span class='ocrx_word' id='word_1_139' title='bbox 154 2668 294 2749; x_wconf 84' lang='lat' dir='ltr'>singulis</span> <span class='ocrx_word' id='word_1_140' title='bbox 332 2667 486 2731; x_wconf 91' lang='lat' dir='ltr'>domibus</span> <span class='ocrx_word' id='word_1_141' title='bbox 523 2669 729 2730; x_wconf 88' lang='lat' dir='ltr'>constituere</span> <span class='ocrx_word' id='word_1_142' title='bbox 762 2667 927 2750; x_wconf 84' lang='lat' dir='ltr'>jubentur</span> <span class='ocrx_word' id='word_1_143' title='bbox 964 2665 1090 2748; x_wconf 87' lang='lat' dir='ltr'>proprii</span> <span class='ocrx_word' id='word_1_144' title='bbox 1121 2684 1241 2728; x_wconf 92' lang='lat' dir='ltr'>eorum</span> <span class='ocrx_word' id='word_1_145' title='bbox 1333 2743 1335 2749; x_wconf 82' lang='lat'>.</span> 
     </span>
     <span class='ocr_line' id='line_1_22' title="bbox 154 2750 547 2830; baseline -0.003 -15"><span class='ocrx_word' id='word_1_146' title='bbox 154 2751 311 2816; x_wconf 88' lang='lat' dir='ltr'>Praelati.</span> <span class='ocrx_word' id='word_1_147' title='bbox 330 2750 400 2814; x_wconf 82' lang='lat' dir='ltr'>Cir.</span> <span class='ocrx_word' id='word_1_148' title='bbox 419 2771 453 2814; x_wconf 86' lang='lat' dir='ltr'>n.</span> <span class='ocrx_word' id='word_1_149' title='bbox 470 2752 547 2830; x_wconf 83' lang='lat'>416.</span> 
     </span>
    </p>

    <p class='ocr_par' dir='ltr' id='par_1_9' title="bbox 155 2842 1444 3346">
     <span class='ocr_line' id='line_1_23' title="bbox 189 2842 1418 2917; baseline -0.003 -17"><span class='ocrx_word' id='word_1_150' title='bbox 189 2844 223 2900; x_wconf 90' lang='lat' dir='ltr'>ln</span> <span class='ocrx_word' id='word_1_151' title='bbox 240 2847 302 2900; x_wconf 82' lang='lat' dir='ltr'>istis</span> <span class='ocrx_word' id='word_1_152' title='bbox 315 2845 415 2917; x_wconf 90' lang='lat' dir='ltr'>itaque</span> <span class='ocrx_word' id='word_1_153' title='bbox 427 2846 566 2901; x_wconf 87' lang='lat' dir='ltr'>domibus</span> <span class='ocrx_word' id='word_1_154' title='bbox 580 2842 752 2901; x_wconf 90' lang='lat' dir='ltr'>confessarii</span> <span class='ocrx_word' id='word_1_155' title='bbox 761 2844 926 2915; x_wconf 81' lang='lat' dir='ltr'>delegatam</span> <span class='ocrx_word' id='word_1_156' title='bbox 939 2843 969 2898; x_wconf 89' lang='lat' dir='ltr'>in</span> <span class='ocrx_word' id='word_1_157' title='bbox 981 2859 1123 2915; x_wconf 88' lang='lat' dir='ltr'>personas</span> <span class='ocrx_word' id='word_1_158' title='bbox 1136 2843 1244 2900; x_wconf 90' lang='lat' dir='ltr'>domus</span> <span class='ocrx_word' id='word_1_159' title='bbox 1327 2866 1418 2912; x_wconf 77' lang='lat' dir='ltr'>Eorum</span> 
     </span>
     <span class='ocr_line' id='line_1_24' title="bbox 155 2913 1428 2989; baseline 0 -19"><span class='ocrx_word' id='word_1_160' title='bbox 155 2916 289 2970; x_wconf 87' lang='lat' dir='ltr'>obtinent</span> <span class='ocrx_word' id='word_1_161' title='bbox 308 2915 555 2987; x_wconf 88' lang='lat' dir='ltr'>jurisdictionem,</span> <span class='ocrx_word' id='word_1_162' title='bbox 582 2934 673 2989; x_wconf 89' lang='lat' dir='ltr'>quarn</span> <span class='ocrx_word' id='word_1_163' title='bbox 699 2917 809 2987; x_wconf 89' lang='lat' dir='ltr'>ubique</span> <span class='ocrx_word' id='word_1_164' title='bbox 836 2917 978 2972; x_wconf 87' lang='lat' dir='ltr'>utendam</span> <span class='ocrx_word' id='word_1_165' title='bbox 998 2925 1077 2971; x_wconf 88' lang='lat' dir='ltr'>certo</span> <span class='ocrx_word' id='word_1_166' title='bbox 1103 2913 1245 2987; x_wconf 88' lang='lat' dir='ltr'>Superipr</span> <span class='ocrx_word' id='word_1_167' title='bbox 1295 2923 1428 2982; x_wconf 73' lang='lat' dir='ltr'>personalis</span> 
     </span>
     <span class='ocr_line' id='line_1_25' title="bbox 155 2981 1444 3057; baseline 0 -17"><span class='ocrx_word' id='word_1_168' title='bbox 155 2988 224 3040; x_wconf 90' lang='lat' dir='ltr'>dare</span> <span class='ocrx_word' id='word_1_169' title='bbox 238 2994 343 3054; x_wconf 84' lang='lat' dir='ltr'>potest.</span> <span class='ocrx_word' id='word_1_170' title='bbox 358 2985 418 3040; x_wconf 88' lang='lat' dir='ltr'>Cur</span> <span class='ocrx_word' id='word_1_171' title='bbox 430 2997 531 3040; x_wconf 88' lang='lat' dir='ltr'>autem</span> <span class='ocrx_word' id='word_1_172' title='bbox 543 3004 610 3041; x_wconf 86' lang='lat' dir='ltr'>eam</span> <span class='ocrx_word' id='word_1_173' title='bbox 621 2988 728 3043; x_wconf 92' lang='lat' dir='ltr'>domus</span> <span class='ocrx_word' id='word_1_174' title='bbox 740 2988 900 3057; x_wconf 87' lang='lat' dir='ltr'>parietibus</span> <span class='ocrx_word' id='word_1_175' title='bbox 913 2986 1145 3055; x_wconf 89' lang='lat' dir='ltr'>circumscribat,</span> <span class='ocrx_word' id='word_1_176' title='bbox 1160 2987 1243 3041; x_wconf 91' lang='lat' dir='ltr'>nulla</span> <span class='ocrx_word' id='word_1_177' title='bbox 1293 2981 1444 3041; x_wconf 60' lang='lat' dir='ltr'>jurisdictio.</span> 
     </span>
     <span class='ocr_line' id='line_1_26' title="bbox 155 3054 1245 3129; baseline 0.004 -19"><span class='ocrx_word' id='word_1_178' title='bbox 155 3065 277 3126; x_wconf 84' lang='lat' dir='ltr'>apparet</span> <span class='ocrx_word' id='word_1_179' title='bbox 290 3056 374 3110; x_wconf 87' lang='lat' dir='ltr'>ratio.</span> <span class='ocrx_word' id='word_1_180' title='bbox 387 3054 496 3129; x_wconf 80' lang='lat' dir='ltr'>Quare,</span> <span class='ocrx_word' id='word_1_181' title='bbox 512 3057 568 3110; x_wconf 91' lang='lat' dir='ltr'>nisi</span> <span class='ocrx_word' id='word_1_182' title='bbox 582 3057 667 3111; x_wconf 85' lang='lat' dir='ltr'>aliter</span> <span class='ocrx_word' id='word_1_183' title='bbox 680 3069 794 3112; x_wconf 87' lang='lat' dir='ltr'>constet</span> <span class='ocrx_word' id='word_1_184' title='bbox 808 3076 843 3112; x_wconf 88' lang='lat' dir='ltr'>ex</span> <span class='ocrx_word' id='word_1_185' title='bbox 861 3057 1026 3128; x_wconf 86' lang='lat' dir='ltr'>Superioris</span> <span class='ocrx_word' id='word_1_186' title='bbox 1045 3058 1245 3114; x_wconf 86' lang='lat' dir='ltr'>declaratione</span> 
     </span>
     <span class='ocr_line' id='line_1_27' title="bbox 156 3124 1245 3194; baseline 0.001 -12"><span class='ocrx_word' id='word_1_187' title='bbox 156 3125 202 3182; x_wconf 90' lang='lat' dir='ltr'>vel</span> <span class='ocrx_word' id='word_1_188' title='bbox 216 3124 335 3181; x_wconf 91' lang='lat' dir='ltr'>Ordinis</span> <span class='ocrx_word' id='word_1_189' title='bbox 359 3143 424 3194; x_wconf 92' lang='lat' dir='ltr'>usu,</span> <span class='ocrx_word' id='word_1_190' title='bbox 439 3127 573 3182; x_wconf 88' lang='lat' dir='ltr'>dicemus</span> <span class='ocrx_word' id='word_1_191' title='bbox 595 3128 720 3183; x_wconf 90' lang='lat' dir='ltr'>eandem</span> <span class='ocrx_word' id='word_1_192' title='bbox 742 3129 831 3184; x_wconf 85' lang='lat' dir='ltr'>etiam</span> <span class='ocrx_word' id='word_1_193' title='bbox 853 3139 933 3184; x_wconf 80' lang='lat' dir='ltr'>extra</span> <span class='ocrx_word' id='word_1_194' title='bbox 943 3129 1067 3182; x_wconf 91' lang='lat' dir='ltr'>domum</span> <span class='ocrx_word' id='word_1_195' title='bbox 1088 3130 1158 3184; x_wconf 89' lang='lat' dir='ltr'>etin</span> <span class='ocrx_word' id='word_1_196' title='bbox 1179 3129 1245 3185; x_wconf 90' lang='lat' dir='ltr'>aliis</span> 
     </span>
     <span class='ocr_line' id='line_1_28' title="bbox 156 3194 1244 3270; baseline 0.001 -16"><span class='ocrx_word' id='word_1_197' title='bbox 156 3196 313 3254; x_wconf 92' lang='lat' dir='ltr'>domiciliis</span> <span class='ocrx_word' id='word_1_198' title='bbox 337 3213 355 3251; x_wconf 89' lang='lat' dir='ltr'>a</span> <span class='ocrx_word' id='word_1_199' title='bbox 377 3194 562 3252; x_wconf 90' lang='lat' dir='ltr'>confessariis</span> <span class='ocrx_word' id='word_1_200' title='bbox 588 3199 772 3267; x_wconf 68' lang='lat' dir='ltr'>regularibus</span> <span class='ocrx_word' id='word_1_201' title='bbox 796 3201 826 3254; x_wconf 93' lang='lat' dir='ltr'>in</span> <span class='ocrx_word' id='word_1_202' title='bbox 850 3197 953 3254; x_wconf 87' lang='lat' dir='ltr'>fratres</span> <span class='ocrx_word' id='word_1_203' title='bbox 976 3197 1110 3270; x_wconf 85' lang='lat' dir='ltr'>ejusdem</span> <span class='ocrx_word' id='word_1_204' title='bbox 1136 3200 1244 3255; x_wconf 91' lang='lat' dir='ltr'>domus</span> 
     </span>
     <span class='ocr_line' id='line_1_29' title="bbox 157 3265 1114 3346; baseline 0.001 -21"><span class='ocrx_word' id='word_1_205' title='bbox 157 3268 283 3326; x_wconf 87' lang='lat' dir='ltr'>exerceri</span> <span class='ocrx_word' id='word_1_206' title='bbox 299 3285 394 3339; x_wconf 90' lang='lat' dir='ltr'>posse.</span> <span class='ocrx_word' id='word_1_207' title='bbox 409 3265 469 3324; x_wconf 88' lang='lat' dir='ltr'>Clr.</span> <span class='ocrx_word' id='word_1_208' title='bbox 485 3267 611 3336; x_wconf 87' lang='lat' dir='ltr'>Villada‚</span> <span class='ocrx_word' id='word_1_209' title='bbox 626 3268 673 3326; x_wconf 77' lang='lat' dir='ltr'>De</span> <span class='ocrx_word' id='word_1_210' title='bbox 685 3265 875 3346; x_wconf 71' lang='lat' dir='ltr'>carrfmsnrils</span> <span class='ocrx_word' id='word_1_211' title='bbox 889 3266 1008 3339; x_wconf 77' lang='lat' dir='ltr'>uostris,</span> <span class='ocrx_word' id='word_1_212' title='bbox 1024 3289 1053 3326; x_wconf 94' lang='lat' dir='ltr'>n.</span> <span class='ocrx_word' id='word_1_213' title='bbox 1072 3286 1114 3339; x_wconf 86' lang='lat'>13.</span> 
     </span>
    </p>

    <p class='ocr_par' dir='ltr' id='par_1_10' title="bbox 157 3353 1422 3501">
     <span class='ocr_line' id='line_1_30' title="bbox 198 3353 1409 3435; baseline 0.002 -18"><span class='ocrx_word' id='word_1_214' title='bbox 198 3374 228 3418; x_wconf 86' lang='lat'>2.</span> <span class='ocrx_word' id='word_1_215' title='bbox 245 3356 352 3417; x_wconf 83' lang='lat' dir='ltr'>Extra</span> <span class='ocrx_word' id='word_1_216' title='bbox 368 3353 526 3415; x_wconf 89' lang='lat' dir='ltr'>Ordinem</span> <span class='ocrx_word' id='word_1_217' title='bbox 550 3373 648 3416; x_wconf 89' lang='lat' dir='ltr'>suum</span> <span class='ocrx_word' id='word_1_218' title='bbox 671 3364 841 3435; x_wconf 90' lang='lat' dir='ltr'>nequeunt</span> <span class='ocrx_word' id='word_1_219' title='bbox 857 3356 928 3418; x_wconf 88' lang='lat' dir='ltr'>sine</span> <span class='ocrx_word' id='word_1_220' title='bbox 944 3354 1093 3418; x_wconf 88' lang='lat' dir='ltr'>Praelati</span> <span class='ocrx_word' id='word_1_221' title='bbox 1109 3356 1244 3420; x_wconf 88' lang='lat' dir='ltr'>licentia</span> <span class='ocrx_word' id='word_1_222' title='bbox 1328 3387 1409 3434; x_wconf 62' lang='lat' dir='ltr'>Em,</span> 
     </span>
     <span class='ocr_line' id='line_1_31' title="bbox 157 3436 1422 3501; baseline -0.007 -1"><span class='ocrx_word' id='word_1_223' title='bbox 157 3439 267 3501; x_wconf 78' lang='lat' dir='ltr'>valide</span> <span class='ocrx_word' id='word_1_224' title='bbox 285 3436 451 3499; x_wconf 78' lang='lat' dir='ltr'>COssfilel&#39;l·</span> <span class='ocrx_word' id='word_1_225' title='bbox 1299 3445 1422 3492; x_wconf 77' lang='lat' dir='ltr'>Ordinem.</span> 
     </span>
    </p>
   </div>
   <div class='ocr_carea' id='block_1_6' title="bbox 158 3518 1454 3934">
    <p class='ocr_par' dir='ltr' id='par_1_11' title="bbox 158 3518 1454 3682">
     <span class='ocr_line' id='line_1_32' title="bbox 199 3518 1454 3602; baseline -0.011 -17"><span class='ocrx_word' id='word_1_226' title='bbox 199 3544 229 3600; x_wconf 82' lang='lat'>3.</span> <span class='ocrx_word' id='word_1_227' title='bbox 256 3519 453 3595; x_wconf 59' lang='lat' dir='ltr'>initiarer,</span> <span class='ocrx_word' id='word_1_228' title='bbox 482 3518 640 3597; x_wconf 84' lang='lat' dir='ltr'>Religiosi</span> <span class='ocrx_word' id='word_1_229' title='bbox 658 3520 810 3583; x_wconf 88' lang='lat' dir='ltr'>confiteri</span> <span class='ocrx_word' id='word_1_230' title='bbox 837 3519 958 3582; x_wconf 88' lang='lat' dir='ltr'>debent</span> <span class='ocrx_word' id='word_1_231' title='bbox 987 3521 1067 3582; x_wconf 78' lang='lat' dir='ltr'>socio</span> <span class='ocrx_word' id='word_1_232' title='bbox 1094 3518 1243 3602; x_wconf 89' lang='lat' dir='ltr'>ejusdem</span> <span class='ocrx_word' id='word_1_233' title='bbox 1318 3543 1454 3590; x_wconf 51' lang='lat' dir='ltr'>,num</span> 
     </span>
     <span class='ocr_line' id='line_1_33' title="bbox 158 3601 578 3682; baseline -0.01 -15"><span class='ocrx_word' id='word_1_234' title='bbox 158 3603 293 3666; x_wconf 90' lang='lat' dir='ltr'>Ordinis</span> <span class='ocrx_word' id='word_1_235' title='bbox 311 3602 366 3682; x_wconf 88' lang='lat' dir='ltr'>qui</span> <span class='ocrx_word' id='word_1_236' title='bbox 382 3601 425 3663; x_wconf 90' lang='lat' dir='ltr'>sit</span> <span class='ocrx_word' id='word_1_237' title='bbox 440 3601 578 3663; x_wconf 74' lang='lat' dir='ltr'>liloneus.</span> 
     </span>
    </p>

    <p class='ocr_par' dir='ltr' id='par_1_12' title="bbox 159 3684 1454 3934">
     <span class='ocr_line' id='line_1_34' title="bbox 200 3684 1446 3768; baseline -0.007 -21"><span class='ocrx_word' id='word_1_238' title='bbox 200 3687 343 3749; x_wconf 89' lang='lat' dir='ltr'>Idoneus</span> <span class='ocrx_word' id='word_1_239' title='bbox 367 3691 418 3746; x_wconf 86' lang='lat' dir='ltr'>est</span> <span class='ocrx_word' id='word_1_240' title='bbox 444 3684 499 3764; x_wconf 88' lang='lat' dir='ltr'>qui</span> <span class='ocrx_word' id='word_1_241' title='bbox 516 3684 548 3745; x_wconf 93' lang='lat' dir='ltr'>in</span> <span class='ocrx_word' id='word_1_242' title='bbox 565 3703 626 3747; x_wconf 90' lang='lat' dir='ltr'>suo</span> <span class='ocrx_word' id='word_1_243' title='bbox 644 3685 767 3747; x_wconf 87' lang='lat' dir='ltr'>Ordine</span> <span class='ocrx_word' id='word_1_244' title='bbox 784 3687 968 3767; x_wconf 90' lang='lat' dir='ltr'>periculum</span> <span class='ocrx_word' id='word_1_245' title='bbox 984 3684 1063 3747; x_wconf 88' lang='lat' dir='ltr'>fecit</span> <span class='ocrx_word' id='word_1_246' title='bbox 1079 3684 1243 3747; x_wconf 86' lang='lat' dir='ltr'>scientiae</span> <span class='ocrx_word' id='word_1_247' title='bbox 1329 3709 1446 3768; x_wconf 67' lang='lat' dir='ltr'>Q„;„„„</span> 
     </span>
     <span class='ocr_line' id='line_1_35' title="bbox 159 3766 1454 3854; baseline -0.015 -24"><span class='ocrx_word' id='word_1_248' title='bbox 159 3773 275 3849; x_wconf 88' lang='lat' dir='ltr'>estque</span> <span class='ocrx_word' id='word_1_249' title='bbox 301 3769 343 3830; x_wconf 90' lang='lat' dir='ltr'>ab</span> <span class='ocrx_word' id='word_1_250' title='bbox 371 3767 656 3848; x_wconf 74' lang='lat' dir='ltr'>examinatoribus</span> <span class='ocrx_word' id='word_1_251' title='bbox 679 3768 856 3846; x_wconf 83' lang='lat' dir='ltr'>admissus,</span> <span class='ocrx_word' id='word_1_252' title='bbox 887 3769 940 3830; x_wconf 84' lang='lat' dir='ltr'>vel</span> <span class='ocrx_word' id='word_1_253' title='bbox 972 3767 1039 3848; x_wconf 92' lang='lat' dir='ltr'>qui,</span> <span class='ocrx_word' id='word_1_254' title='bbox 1071 3775 1242 3830; x_wconf 87' lang='lat' dir='ltr'>annuente</span> <span class='ocrx_word' id='word_1_255' title='bbox 1302 3766 1396 3854; x_wconf 51' lang='lat' dir='ltr'>r&#39;clongus</span> <span class='ocrx_word' id='word_1_256' title='bbox 1417 3779 1454 3811; x_wconf 83' lang='lat' dir='ltr'>so-</span> 
     </span>
     <span class='ocr_line' id='line_1_36' title="bbox 159 3839 1364 3934; baseline -0.017 -19"><span class='ocrx_word' id='word_1_257' title='bbox 159 3852 351 3934; x_wconf 89' lang='lat' dir='ltr'>Superiore,</span> <span class='ocrx_word' id='word_1_258' title='bbox 366 3851 408 3912; x_wconf 90' lang='lat' dir='ltr'>ab</span> <span class='ocrx_word' id='word_1_259' title='bbox 421 3849 589 3932; x_wconf 88' lang='lat' dir='ltr'>Episcopo</span> <span class='ocrx_word' id='word_1_260' title='bbox 605 3857 656 3913; x_wconf 91' lang='lat' dir='ltr'>est</span> <span class='ocrx_word' id='word_1_261' title='bbox 673 3852 893 3934; x_wconf 78' lang='lat' dir='ltr'>approbatus</span> <span class='ocrx_word' id='word_1_262' title='bbox 1300 3839 1364 3872; x_wconf 74' lang='lat' dir='ltr'>caus.</span> 
     </span>
    </p>
   </div>
   <div class='ocr_carea' id='block_1_7' title="bbox 159 4053 1248 4463">
    <p class='ocr_par' dir='ltr' id='par_1_13' title="bbox 159 4053 1245 4276">
     <span class='ocr_line' id='line_1_37' title="bbox 189 4053 1242 4112; baseline 0.001 -10"><span class='ocrx_word' id='word_1_263' title='bbox 189 4057 277 4103; x_wconf 88' lang='lat' dir='ltr'>¹Cum</span> <span class='ocrx_word' id='word_1_264' title='bbox 297 4055 356 4104; x_wconf 91' lang='lat' dir='ltr'>viro</span> <span class='ocrx_word' id='word_1_265' title='bbox 374 4055 459 4104; x_wconf 90' lang='lat' dir='ltr'>nobili</span> <span class='ocrx_word' id='word_1_266' title='bbox 478 4055 521 4102; x_wconf 92' lang='lat' dir='ltr'>vel</span> <span class='ocrx_word' id='word_1_267' title='bbox 540 4054 618 4102; x_wconf 88' lang='lat' dir='ltr'>diviti</span> <span class='ocrx_word' id='word_1_268' title='bbox 630 4053 833 4103; x_wconf 86' lang='lat' dir='ltr'>concedebatur</span> <span class='ocrx_word' id='word_1_269' title='bbox 843 4055 870 4102; x_wconf 91' lang='lat' dir='ltr'>in</span> <span class='ocrx_word' id='word_1_270' title='bbox 886 4054 1002 4102; x_wconf 90' lang='lat' dir='ltr'>aedibus</span> <span class='ocrx_word' id='word_1_271' title='bbox 1014 4054 1072 4110; x_wconf 86' lang='lat' dir='ltr'>ejus</span> <span class='ocrx_word' id='word_1_272' title='bbox 1082 4055 1242 4112; x_wconf 91' lang='lat' dir='ltr'>oratorium,</span> 
     </span>
     <span class='ocr_line' id='line_1_38' title="bbox 159 4111 1244 4177; baseline 0.003 -20"><span class='ocrx_word' id='word_1_273' title='bbox 159 4111 223 4177; x_wconf 76' lang='lat' dir='ltr'>addi</span> <span class='ocrx_word' id='word_1_274' title='bbox 235 4115 357 4162; x_wconf 89' lang='lat' dir='ltr'>clausula</span> <span class='ocrx_word' id='word_1_275' title='bbox 369 4114 482 4169; x_wconf 85' lang='lat' dir='ltr'>solebat,</span> <span class='ocrx_word' id='word_1_276' title='bbox 495 4112 521 4159; x_wconf 88' lang='lat' dir='ltr'>vi</span> <span class='ocrx_word' id='word_1_277' title='bbox 533 4113 611 4172; x_wconf 89' lang='lat' dir='ltr'>cujus</span> <span class='ocrx_word' id='word_1_278' title='bbox 623 4129 676 4160; x_wconf 86' lang='lat' dir='ltr'>una</span> <span class='ocrx_word' id='word_1_279' title='bbox 689 4119 794 4162; x_wconf 83' lang='lat' dir='ltr'>tantum</span> <span class='ocrx_word' id='word_1_280' title='bbox 806 4113 833 4160; x_wconf 92' lang='lat' dir='ltr'>in</span> <span class='ocrx_word' id='word_1_281' title='bbox 845 4114 889 4161; x_wconf 91' lang='lat' dir='ltr'>die</span> <span class='ocrx_word' id='word_1_282' title='bbox 901 4113 1033 4161; x_wconf 89' lang='lat' dir='ltr'>celebrari</span> <span class='ocrx_word' id='word_1_283' title='bbox 1046 4120 1136 4171; x_wconf 89' lang='lat' dir='ltr'>posset</span> <span class='ocrx_word' id='word_1_284' title='bbox 1149 4114 1244 4166; x_wconf 81' lang='lat' dir='ltr'>Missa.</span> 
     </span>
     <span class='ocr_line' id='line_1_39' title="bbox 160 4171 1245 4273; baseline 0.001 -56"><span class='ocrx_word' id='word_1_285' title='bbox 160 4171 244 4272; x_wconf 54' lang='lat' dir='ltr'>rdqrpp¹</span> <span class='ocrx_word' id='word_1_286' title='bbox 253 4183 344 4273; x_wconf 57' lang='lat' dir='ltr'>copiam</span> <span class='ocrx_word' id='word_1_287' title='bbox 356 4173 415 4231; x_wconf 93' lang='lat' dir='ltr'>ipso</span> <span class='ocrx_word' id='word_1_288' title='bbox 425 4171 584 4219; x_wconf 89' lang='lat' dir='ltr'>lndultario.</span> <span class='ocrx_word' id='word_1_289' title='bbox 596 4172 689 4221; x_wconf 81' lang='lat' dir='ltr'>Solebat</span> <span class='ocrx_word' id='word_1_290' title='bbox 698 4171 819 4231; x_wconf 87' lang='lat' dir='ltr'>inquam,</span> <span class='ocrx_word' id='word_1_291' title='bbox 828 4172 884 4230; x_wconf 88' lang='lat' dir='ltr'>jam</span> <span class='ocrx_word' id='word_1_292' title='bbox 893 4171 965 4219; x_wconf 89' lang='lat' dir='ltr'>enim</span> <span class='ocrx_word' id='word_1_293' title='bbox 975 4171 1096 4219; x_wconf 88' lang='lat' dir='ltr'>mitiores</span> <span class='ocrx_word' id='word_1_294' title='bbox 1105 4173 1245 4218; x_wconf 88' lang='lat' dir='ltr'>clausulae</span> 
     </span>
     <span class='ocr_line' id='line_1_40' title="bbox 160 4237 392 4276; baseline 0.004 -1"><span class='ocrx_word' id='word_1_295' title='bbox 160 4241 214 4275; x_wconf 81' lang='lat' dir='ltr'>scri</span> <span class='ocrx_word' id='word_1_296' title='bbox 240 4241 283 4273; x_wconf 85' lang='lat' dir='ltr'>ivr</span> <span class='ocrx_word' id='word_1_297' title='bbox 307 4237 392 4276; x_wconf 90' lang='lat' dir='ltr'>entur.</span> 
     </span>
    </p>

    <p class='ocr_par' dir='ltr' id='par_1_14' title="bbox 159 4284 1248 4463">
     <span class='ocr_line' id='line_1_41' title="bbox 188 4284 1244 4346; baseline 0.003 -16"><span class='ocrx_word' id='word_1_298' title='bbox 188 4284 278 4346; x_wconf 67' lang='lat' dir='ltr'>rQuis</span> <span class='ocrx_word' id='word_1_299' title='bbox 289 4297 343 4331; x_wconf 91' lang='lat' dir='ltr'>non</span> <span class='ocrx_word' id='word_1_300' title='bbox 362 4288 396 4334; x_wconf 92' lang='lat' dir='ltr'>sit</span> <span class='ocrx_word' id='word_1_301' title='bbox 412 4301 484 4334; x_wconf 91' lang='lat' dir='ltr'>mere</span> <span class='ocrx_word' id='word_1_302' title='bbox 503 4285 647 4334; x_wconf 88' lang='lat' dir='ltr'>ambulans</span> <span class='ocrx_word' id='word_1_303' title='bbox 658 4287 705 4334; x_wconf 89' lang='lat' dir='ltr'>sed</span> <span class='ocrx_word' id='word_1_304' title='bbox 722 4289 848 4344; x_wconf 77' lang='lat' dir='ltr'>itinerans,</span> <span class='ocrx_word' id='word_1_305' title='bbox 870 4287 906 4343; x_wconf 89' lang='lat' dir='ltr'>id,</span> <span class='ocrx_word' id='word_1_306' title='bbox 924 4293 1027 4335; x_wconf 88' lang='lat' dir='ltr'>attenta</span> <span class='ocrx_word' id='word_1_307' title='bbox 1046 4286 1112 4346; x_wconf 83' lang='lat' dir='ltr'>legis</span> <span class='ocrx_word' id='word_1_308' title='bbox 1129 4286 1244 4342; x_wconf 89' lang='lat' dir='ltr'>ratione,</span> 
     </span>
     <span class='ocr_line' id='line_1_42' title="bbox 159 4344 1245 4410; baseline -0.001 -19"><span class='ocrx_word' id='word_1_309' title='bbox 159 4345 307 4410; x_wconf 77' lang='lat' dir='ltr'>prudenter</span> <span class='ocrx_word' id='word_1_310' title='bbox 317 4349 357 4410; x_wconf 81' lang='lat' dir='ltr'>est</span> <span class='ocrx_word' id='word_1_311' title='bbox 368 4346 547 4408; x_wconf 84' lang='lat' dir='ltr'>pensandum.</span> <span class='ocrx_word' id='word_1_312' title='bbox 562 4348 651 4410; x_wconf 77' lang='lat' dir='ltr'>Atque</span> <span class='ocrx_word' id='word_1_313' title='bbox 662 4345 729 4392; x_wconf 85' lang='lat' dir='ltr'>haec</span> <span class='ocrx_word' id='word_1_314' title='bbox 748 4359 843 4393; x_wconf 89' lang='lat' dir='ltr'>norma</span> <span class='ocrx_word' id='word_1_315' title='bbox 855 4345 934 4394; x_wconf 90' lang='lat' dir='ltr'>nobis</span> <span class='ocrx_word' id='word_1_316' title='bbox 946 4346 1016 4393; x_wconf 86' lang='lat' dir='ltr'>tradi</span> <span class='ocrx_word' id='word_1_317' title='bbox 1029 4360 1108 4404; x_wconf 82' lang='lat' dir='ltr'>posse</span> <span class='ocrx_word' id='word_1_318' title='bbox 1127 4344 1245 4410; x_wconf 79' lang='lat' dir='ltr'>videtur,</span> 
     </span>
     <span class='ocr_line' id='line_1_43' title="bbox 160 4401 1248 4463; baseline -0.001 -13"><span class='ocrx_word' id='word_1_319' title='bbox 160 4410 190 4450; x_wconf 90' lang='lat' dir='ltr'>ut</span> <span class='ocrx_word' id='word_1_320' title='bbox 211 4417 233 4450; x_wconf 86' lang='lat' dir='ltr'>rs</span> <span class='ocrx_word' id='word_1_321' title='bbox 252 4416 277 4447; x_wconf 83' lang='lat' dir='ltr'>m</span> <span class='ocrx_word' id='word_1_322' title='bbox 296 4406 379 4447; x_wconf 71' lang='lat' dir='ltr'>ttinere</span> <span class='ocrx_word' id='word_1_323' title='bbox 399 4402 506 4451; x_wconf 87' lang='lat' dir='ltr'>dicatur</span> <span class='ocrx_word' id='word_1_324' title='bbox 524 4419 571 4463; x_wconf 88' lang='lat' dir='ltr'>qui</span> <span class='ocrx_word' id='word_1_325' title='bbox 592 4404 629 4451; x_wconf 89' lang='lat' dir='ltr'>ita</span> <span class='ocrx_word' id='word_1_326' title='bbox 650 4403 731 4450; x_wconf 90' lang='lat' dir='ltr'>domo</span> <span class='ocrx_word' id='word_1_327' title='bbox 750 4401 822 4452; x_wconf 90' lang='lat' dir='ltr'>absit</span> <span class='ocrx_word' id='word_1_328' title='bbox 839 4409 878 4460; x_wconf 85' lang='lat' dir='ltr'>ut,</span> <span class='ocrx_word' id='word_1_329' title='bbox 897 4403 933 4451; x_wconf 93' lang='lat' dir='ltr'>ob</span> <span class='ocrx_word' id='word_1_330' title='bbox 951 4404 1111 4452; x_wconf 83' lang='lat' dir='ltr'>distantiam</span> <span class='ocrx_word' id='word_1_331' title='bbox 1134 4404 1175 4449; x_wconf 93' lang='lat' dir='ltr'>vel</span> <span class='ocrx_word' id='word_1_332' title='bbox 1192 4404 1248 4450; x_wconf 82' lang='lat' dir='ltr'>alia</span> 
     </span>
    </p>
   </div>
   <div class='ocr_carea' id='block_1_8' title="bbox 160 4458 1248 4568">
    <p class='ocr_par' dir='ltr' id='par_1_15' title="bbox 160 4458 1248 4568">
     <span class='ocr_line' id='line_1_44' title="bbox 160 4458 1248 4524; baseline 0.002 -18"><span class='ocrx_word' id='word_1_333' title='bbox 160 4460 298 4524; x_wconf 78' lang='lat' dir='ltr'>adjuncta,</span> <span class='ocrx_word' id='word_1_334' title='bbox 311 4458 347 4507; x_wconf 87' lang='lat' dir='ltr'>ad</span> <span class='ocrx_word' id='word_1_335' title='bbox 358 4459 551 4509; x_wconf 87' lang='lat' dir='ltr'>rationabilem</span> <span class='ocrx_word' id='word_1_336' title='bbox 562 4461 725 4510; x_wconf 87' lang='lat' dir='ltr'>sacramenti</span> <span class='ocrx_word' id='word_1_337' title='bbox 737 4476 824 4519; x_wconf 86' lang='lat' dir='ltr'>usum,</span> <span class='ocrx_word' id='word_1_338' title='bbox 837 4462 932 4511; x_wconf 88' lang='lat' dir='ltr'>morali</span> <span class='ocrx_word' id='word_1_339' title='bbox 944 4461 1025 4521; x_wconf 88' lang='lat' dir='ltr'>copia</span> <span class='ocrx_word' id='word_1_340' title='bbox 1037 4467 1130 4511; x_wconf 85' lang='lat' dir='ltr'>careat</span> <span class='ocrx_word' id='word_1_341' title='bbox 1143 4461 1248 4508; x_wconf 81' lang='lat' dir='ltr'>domes-</span> 
     </span>
     <span class='ocr_line' id='line_1_45' title="bbox 161 4517 871 4568; baseline 0.004 -4"><span class='ocrx_word' id='word_1_342' title='bbox 161 4524 229 4565; x_wconf 87' lang='lat' dir='ltr'>ticos</span> <span class='ocrx_word' id='word_1_343' title='bbox 240 4517 360 4566; x_wconf 86' lang='lat' dir='ltr'>adeundi</span> <span class='ocrx_word' id='word_1_344' title='bbox 374 4517 563 4568; x_wconf 80' lang='lat' dir='ltr'>confessarios.</span> <span class='ocrx_word' id='word_1_345' title='bbox 868 4536 871 4543; x_wconf 69' lang='lat'><strong><em>¹</em></strong></span> 
     </span>
    </p>
   </div>
   <div class='ocr_carea' id='block_1_9' title="bbox 0 0 1589 5014">
    <p class='ocr_par' dir='ltr' id='par_1_16' title="bbox 0 0 1589 5014">
     <span class='ocr_line' id='line_1_46' title="bbox 0 0 1589 5014; baseline 0 0"><span class='ocrx_word' id='word_1_346' title='bbox 0 0 1589 5014; x_wconf 95' lang='lat' dir='ltr'> </span> 
     </span>
    </p>
   </div>
  </div>
 </body>
</html>
