3148 5004
352 340 394 404 48
715 361 783 399 nass
798 363 936 400 sacunns.
955 335 1045 399 carus
1061 363 1082 399 11

338 513 343 526 ·
360 495 438 572 1687,
463 497 556 554 erexit
579 496 610 554 in
630 490 815 575 Coagrrgat.
836 492 1012 574 religiosam
1021 516 1034 568 ;
1057 496 1177 554 tandem
1198 487 1444 556 clericusne.

355 573 409 640 Er
422 577 528 652 debito,
548 597 566 655 3
579 581 667 654 april.
683 597 763 655 1710,
778 579 847 638 fecit
860 598 927 638 eam
943 579 1086 637 Ordinem
1106 579 1290 654 religiosum.
1310 579 1370 639 Cir.
1386 581 1446 638 alia

355 667 493 739 exempla
508 667 587 740 apud
602 665 709 736 Bouix,
723 683 773 738 op.
787 665 837 722 cit.
849 682 870 735 1,
887 683 915 739 p.
930 666 981 740 189
990 683 1034 740 sq.

388 745 422 805 ln
435 750 536 806 seculo
549 761 651 807 tamen
674 751 808 824 proxime
827 750 928 823 elapso
948 751 1032 808 nulla
1053 749 1252 824 congregatio
1269 749 1376 824 adepta
1400 759 1444 808 est

352 833 584 892 sollemnitatem
609 845 759 893 votorum.
782 834 892 892 Nescio
918 852 957 892 an
979 834 1087 891 ultima
1109 833 1196 891 luerit
1217 835 1392 908 approbatio
1414 843 1444 891 et

351 914 542 972 confirmatio
561 916 682 974 Ordinis
701 913 889 976 Clericorara
906 913 1098 996 regularitate
1121 913 1345 986 marianorum,
1372 935 1443 976 con·

351 1007 434 1056 tenta
452 999 488 1059 C.
511 997 567 1062 Ex
587 997 692 1072 debito,
718 1001 764 1059 Pii
789 1017 830 1072 vr,
853 1019 887 1075 27
911 1013 999 1059 mart.
1025 1003 1104 1076 1787.
1128 999 1230 1076 Quare
1247 1001 1319 1057 satis
1338 1009 1441 1056 notatu

351 1083 477 1157 dignum
503 1087 620 1144 videtur
640 1087 719 1144 decr.
745 1085 776 1144 S.
801 1086 836 1145 C.
859 1087 916 1160 Ep.
939 1097 969 1143 et
992 1086 1066 1159 Reg.
1087 1103 1157 1160 quo,
1178 1085 1226 1142 die
1244 1101 1261 1159 7
1281 1081 1339 1142 seb.
1361 1085 1441 1157 1899,

351 1171 497 1230 concessit
510 1172 679 1228 clausuram
694 1172 831 1245 papalem
846 1183 874 1229 et
887 1181 956 1229 vota
975 1172 1133 1228 sollemnia
1151 1171 1241 1228 alicui
1261 1170 1442 1228 monasterio

352 1253 543 1325 Hollandiae,
559 1255 646 1332 cujus
660 1272 775 1312 sorores
794 1256 890 1330 primo
906 1255 1071 1313 Tertiariae
1093 1253 1211 1312 inerant
1230 1253 1262 1310 S.
1276 1251 1440 1321 Dominici,

351 1340 542 1398 obtinuerant
554 1341 622 1398 dein
636 1340 674 1396 ab
688 1339 837 1412 Episcopo
852 1351 884 1397 ut
903 1348 1151 1414 persequerentur
1163 1337 1297 1412 regulam
1310 1335 1440 1394 Secundi

352 1420 482 1493 Ordinis,
497 1423 592 1479 donec
606 1434 676 1478 vota
689 1423 1089 1498 sollemnia'impetrarunta
1107 1421 1159 1482 SS.
1174 1422 1276 1495 Leone
1296 1418 1355 1476 ΡΡ.
1371 1435 1437 1474 x111.

394 1506 660 1562 GOROLLARIA.

169 1603 269 1652 Aluntur
392 1584 454 1649 71.
477 1584 606 1646 Sodalas
620 1586 761 1648 Instincti
772 1588 868 1670 apisco
888 1586 960 1666 alis,
974 1587 1114 1670 qtramais
1126 1607 1185 1648 aaa
1196 1587 1337 1647 uocantur
1349 1599 1440 1662 raga-

140 1663 263 1730 :ustrina
328 1663 441 1744 laras,
458 1674 618 1730 versantur
642 1669 675 1731 ia
701 1591 1002 1752 stataparsictioais
1027 1673 1055 1732 si
1078 1671 1178 1733 modo
1193 1667 1334 1730 fecerint
1358 1668 1442 1724 vota

139 1721 295 1824 {ffwffiiffm
313 1747 323 1768 ⁴
351 1760 526 1832 perpetua.
554 1752 706 1832 Namque
721 1753 920 1836 Episcopus,
939 1760 1069 1817 statuto
1086 1772 1145 1835 per
1160 1772 1195 1814 se
1213 1755 1385 1833 perpetu0,
1404 1763 1440 1806 re

141 1835 297 1902 terranian-
351 1850 433 1894 vera
460 1833 644 1915 interponit
668 1837 836 1918 publicam
864 1837 1036 1900 Ecclesiae
1063 1835 1315 1898 auctoritatem.
1342 1827 1438 1922 Quod

139 1907 239 1952 grossa.
351 1934 442 1996 nunc
469 1917 662 1981 confirmari
688 1918 821 1981 videtur
848 1917 886 1981 C.
918 1918 1069 1984 Conditaa
1091 1939 1110 1980 a
1132 1917 1269 1992 Christe,
1293 1913 1350 1974 ubi
1372 1928 1438 1972 uno

350 1994 569 2080 religiosarum
585 1999 789 2080 familiarum
813 1999 947 2072 nomine
964 2002 1041 2064 bina
1057 2019 1183 2081 genera
1199 1998 1437 2060 Institutorum

352 2085 613 2162 compellantur.
1062 2130 1065 2133 -

168 2176 268 2244 Querar
338 2161 346 2175 ⁸
393 2164 456 2228 72.
484 2165 653 2235 Eremitaa
683 2165 739 2246 qui
766 2167 808 2229 ad
838 2167 966 2230 nullum
996 2166 1167 2247 pertinent
1194 2163 1351 2227 Ordinem
1379 2177 1439 2251 seu

140 2235 263 2282 ‘''m¹¹²⁵?
354 2244 480 2328 Congr.
498 2249 732 2330 approbatam,
748 2251 825 2311 licet
840 2249 985 2312 fortasse
1001 2250 1043 2312 ab
1060 2249 1229 2332 Episcopo
1244 2251 1439 2336 acceperint

351 2327 504 2391 habitum
527 2332 737 2394 eremiticum
760 2339 793 2394 et
809 2331 980 2398 emiserint
996 2339 1088 2408 vota,
1107 2351 1148 2392 ne
1164 2331 1345 2410 improprie
1368 2344 1439 2404 qur-

351 2411 424 2472 dem
441 2419 519 2473 sunt
536 2417 712 2492 regulares
728 2415 935 2477 nominandi.
960 2415 1090 2491 Lucidi,
1120 2433 1174 2495 op.
1194 2415 1251 2475 cit.
1275 2428 1311 2487 11,
1330 2428 1361 2489 p.
1379 2429 1437 2489 241

351 2511 400 2573 sq.
419 2493 590 2572 Creisson,
607 2497 671 2557 Das
686 2497 912 2558 coarmuraate‘s
927 2495 946 2560 ct
961 2518 1049 2562 uaria
1064 2497 1197 2588 simplae,
1212 2515 1244 2556 n.
1262 2514 1313 2575 42.
1342 2571 1346 2580 Ι

166 2593 204 2660 oe
219 2593 294 2640 tastr-
392 2575 455 2640 73.
471 2577 617 2638 instituta
631 2598 760 2659 qaorum
774 2578 893 2641 sodales
918 2579 1003 2644 rullo
1028 2585 1175 2640 exteriore
1199 2576 1287 2657 signo
1311 2573 1437 2663 dignos·

139 2655 262 2753 tertiarum
350 2663 471 2740 cuntur,
502 2664 656 2740 quamvis
686 2662 752 2723 tria
788 2671 984 2744 nuncupent
1014 2668 1095 2723 vota
1131 2658 1368 2722 substantiatus
1404 2662 1437 2714 et

136 2722 294 2824 {timim
349 2741 455 2803 vitam
485 2744 609 2824 degant
640 2764 864 2823 communem,
893 2765 960 2806 non
987 2744 1175 2828 probantur
1201 2739 1265 2802 nisi
1295 2747 1331 2798 ut
1362 2735 1436 2816 piae

139 2829 184 2871 nr.
349 2823 545 2886 sodalitates
573 2845 717 2905 quarum
745 2838 825 2889 vota
851 2828 987 2888 omnino
1014 2834 1092 2890 sunt
1119 2825 1266 2908 privata.
1294 2817 1436 2909 Sodales
1469 2875 1474 2880 ,
1559 2835 1560 2868 t

349 2925 430 2986 ergo
443 2912 509 2969 non
527 2916 710 2976 versantur
725 2909 758 2971 in
775 2916 866 2971 statu
883 2907 1098 2990 perfectionis
1114 2909 1240 2986 (coram
1255 2901 1442 2977 Ecclesia).

349 2986 420 3051 Cir.
438 2990 530 3054 decr.
553 2990 590 3055 S.
609 2990 647 3054 C.
664 2993 728 3073 Ep.
746 3000 779 3055 et
795 2993 915 3072 Regul.
936 3015 969 3054 11
995 3011 1074 3072 aug.
1095 2996 1173 3074 1884
1195 2989 1283 3072 apud
1307 2986 1436 3075 Bucce-

348 3071 435 3150 roni‚
450 3072 698 3155 Siippteaeataai
708 3074 866 3152 Ferraria,
881 3085 917 3144 r.
930 3074 1079 3138 Instituta
1093 3073 1240 3157 religiosa
1255 3073 1433 3132 recentiora.

143 3167 217 3214 Rara
222 3171 291 3226 prae·
389 3155 451 3220 74.
475 3157 513 3218 la
537 3157 720 3237 praesentia,
750 3156 875 3238 definiri
898 3162 996 3239 potest
1030 3161 1128 3221 statas
1162 3154 1325 3238 religiosas
1359 3168 1435 3238 cunr

133 3239 185 3328 ⁵722?
196 3230 293 3330 forsitans
347 3236 526 3319 Laymann
542 3244 564 3302 l.
582 3263 612 3322 4,
632 3247 675 3303 tr.
693 3259 723 3319 5,
741 3261 771 3304 c.
792 3264 819 3317 1,
837 3262 871 3304 n.
891 3265 904 3304 1
921 3262 929 3304 ι
944 3239 1115 3310 Fideliara,
1136 3238 1184 3300 ad
1204 3237 1327 3299 divinar
1341 3250 1436 3324 'carr'

177 3297 194 3342 g
245 3321 252 3331 '
347 3321 420 3381 tatis
443 3321 659 3403 perfectiorem
689 3322 886 3401 teadaatiara,
917 3318 1037 3384 stabilis
1069 3322 1103 3384 ia
1133 3319 1287 3384 constatura·
1314 3312 1436 3378 orrenda

346 3403 466 3483 modiis,
484 3405 521 3465 ab
533 3404 673 3467 Ecclesia
689 3405 881 3485 approbatas.
958 3456 966 3468 .

758 3736 953 3818 CAPUT
980 3735 1017 3815 ll

592 3951 646 4016 DE
670 3951 903 4017 vnnlnrnru
926 3947 1184 4017 sublatorum

342 4157 372 4212 S.
388 4158 532 4224 Thomas,
545 4157 569 4209 2.
581 4127 604 4220 i,
617 4171 642 4223 q.
657 4157 720 4223 1883
731 4159 902 4226 Passerini,
913 4159 952 4214 Dr
963 4160 1116 4215 Hominum
1124 4156 1253 4221 statibus,
1263 4157 1282 4212 t.
1292 4155 1315 4219 2,
1324 4171 1350 4224 p.
1361 4151 1433 4216 1·90;
1559 4207 1560 4232 ,

375 4237 501 4303 Suarea,
519 4237 559 4290 Dr
571 4237 656 4304 Retia.
677 4235 721 4289 Tr.
734 4239 757 4300 9,
775 4236 804 4290 L.
817 4238 844 4304 Ι;
865 4240 1160 4309 Sebmalzarueber,
1183 4237 1200 4290 l.
1219 4237 1243 4300 3,
1264 4237 1284 4291 t.
1304 4241 1344 4302 31,
1362 4237 1377 4305 ξ
1401 4239 1431 4299 1;
1473 4267 1475 4271 ·
1559 4233 1560 4266 ³

377 4315 590 4382 Reiiienstuel,
614 4315 632 4368 l.
654 4317 678 4378 3,
701 4316 720 4367 t.
737 4317 778 4380 31,
796 4317 812 4384 ξ
830 4317 860 4381 2;
881 4318 1076 4384 PellizariuS,
1098 4319 1231 4377 Manuale
1247 4315 1430 4386 Reaalariant
1559 4327 1560 4330 ’
