3138 5014
142 883 290 990 Consesmrir'

129 959 183 1002 regri
193 944 245 990 aris
251 940 290 1002 so·

129 1003 231 1050 cultores.
248 1053 251 1056 ,

343 471 404 532 3⁶24
710 495 777 529 rans
792 495 908 530 ocravn.
926 495 1016 530 cnrur
1032 496 1062 529 111

343 627 500 707 Vicarius
516 628 682 708 generalis
698 629 752 690 vel
763 629 951 709 Episcopus
970 631 1138 690 decessor.
1155 628 1225 691 Cfr.
1244 628 1282 690 C.
1296 627 1440 708 Superna

345 709 528 854 gleffpqtis
544 729 575 787 x,
594 730 624 773 c.
645 711 782 820 Roroonr'
804 711 966 792 Porifr'ficis
980 711 1194 834 Prouidentia,
1212 717 1230 773 6
1246 729 1324 790 aug.
1343 729 1436 790 1571,

371 841 415 955 ¹'4.
435 841 627 956 Corisessarii
644 875 813 958 Reguloris
826 875 998 956 facultates
1018 876 1175 958 proprior.
1192 875 1335 938 Praeter
1360 895 1437 958 spe-

346 956 442 1018 cialia
458 957 633 1037 privilegia
648 979 656 1018 ε

386 1043 418 1116 a)
445 1040 686 1110 Mendicantes
714 1041 812 1102 modo
839 1062 859 1102 a
888 1043 957 1102 suis
984 1041 1221 1122 Superioribus
1251 1039 1435 1120 legitimam

277 1111 279 1115 ¹
345 1124 502 1184 assecuti·
527 1125 594 1184 sint
629 1125 836 1199 facultatem,
868 1135 1010 1205 possunt
1047 1125 1235 1200 absolvere,
1270 1143 1332 1202 pro
1359 1122 1435 1184 for'o

159 1967 198 2012 Dr
203 1963 279 2024 juris·

134 2025 235 2072 dictione

129 2083 263 2145 Congrego

130 2140 202 2187 tionis
212 2136 267 2183 relr·

125 2200 216 2258 giosar.

158 2349 284 2407 Suspensio

128 2423 143 2453 α
160 2410 255 2466 proprio

128 2467 259 2524 Superiori.

162 2547 291 2605 Ejusoisrl

129 2603 252 2661 obligatio.

157 3528 279 3576 Familia-

126 3600 168 3637 res,
177 3586 289 3645 quinam?

154 3698 288 3756 Descriptio

124 3755 249 3816 generalis.

345 1205 489 1281 interno,
507 1226 527 1265 a
551 1206 684 1266 casibus
707 1209 761 1286 qui
785 1228 805 1268 o
821 1206 894 1286 jure
915 1207 1061 1267 reseruati
1075 1213 1153 1268 sunt
1168 1206 1356 1287 Episcopis.
1381 1206 1436 1267 Ita

344 1286 447 1371 habet
463 1289 630 1348 sententia
646 1308 732 1366 quae
748 1289 784 1350 S.
801 1291 974 1370 Alphonso
991 1293 1012 1351 l.
1031 1310 1059 1369 7,
1079 1311 1112 1350 n.
1131 1311 1170 1368 99
1185 1289 1260 1350 visa
1276 1296 1327 1348 est
1343 1307 1434 1349 com-

345 1370 527 1451 munior-et
541 1370 758 1451 probabilior.
822 1381 825 1385 ’
1396 1367 1399 1372 ’

387 1451 420 1529 b)
443 1452 627 1533 Peregrinos
649 1453 825 1516 absolvere
842 1455 957 1516 valent
983 1474 1002 1515 a
1030 1453 1164 1514 casibus
1191 1453 1374 1514 reservatis
1398 1451 1433 1514 in

344 1533 598 1613 peregrinorum
622 1535 775 1613 dioecesi,
800 1555 864 1597 nou
890 1543 1002 1597 autem
1026 1536 1058 1596 in
1075 1538 1149 1597 loco
1166 1534 1384 1596 confessionis
1408 1535 1432 1597 ¹.

344 1616 396 1675 Ita
413 1636 453 1676 ex
470 1614 506 1677 C.
525 1616 674 1698 Sopatro,
702 1637 787 1696 quae
803 1619 925 1699 excipit
940 1627 1055 1681 tamen
1072 1638 1188 1679 casum
1204 1637 1270 1697 quo
1285 1619 1433 1698 peregri·

344 1717 408 1758 nus
425 1699 555 1760 venerit
578 1699 612 1760 in
626 1699 777 1779 fraudem
789 1701 1014 1778 reservationis
1038 1700 1060 1762 i.
1084 1721 1115 1763 e.
1132 1701 1187 1780 qui
1205 1701 1290 1776 ide0,
1314 1702 1433 1761 saltem

345 1780 585 1861 principaliter,
603 1781 744 1845 alienam
769 1783 901 1864 petierit
924 1784 1102 1846 dioecesim
1117 1789 1155 1844 ut
1171 1783 1333 1862 effugeret
1345 1783 1433 1865 judi·

346 1861 434 1923 cium
450 1863 574 1943 proprii
591 1863 772 1926 Ordinarii.

386 1945 429 2007 ll.
461 1945 719 2028 Congregofiones
747 1948 908 2028 religiosor
936 1951 994 2027 por
1022 1969 1052 2008 se
1078 1968 1145 2008 non
1172 1947 1239 2008 alia
1274 1948 1433 2009 fruuntur

341 2026 575 2110 jurisdictione
599 2028 663 2090 fori
686 2030 810 2092 interni
845 2050 944 2111 quarn
969 2050 1054 2110 quae
1084 2049 1143 2110 per
1169 2028 1356 2111 Episcopus
1388 2031 1431 2090 sit

347 2111 607 2173 communicata.
632 2113 755 2193 Nequit
778 2121 892 2174 tamen
914 2113 1102 2194 Episcopus
1125 2112 1307 2174 arbitraria
1329 2111 1429 2172 facul·

346 2198 455 2256 tatum
481 2196 660 2274 negatione
690 2195 849 2278 impedire
878 2215 995 2256 earum
1026 2196 1221 2256 sacerdotes
1254 2195 1429 2274 quominus

345 2276 531 2338 ministeria
546 2296 627 2338 suae
643 2277 860 2358 professionis
877 2277 1053 2356 religiosae
1068 2297 1226 2338 exercere
1242 2279 1390 2340 valeant.
1428 2295 1431 2298 ·

388 2359 475 2422 517.
493 2361 651 2437 Quaeres
667 2379 708 2420 an
733 2361 863 2441 possint
878 2362 1092 2422 Confessarii
1109 2363 1303 2437 Regulares
1319 2381 1340 2422 a
1356 2378 1433 2438 pro·

345 2443 422 2518 prio
439 2444 606 2502 Praelato
623 2446 795 2519 suspendi
810 2442 852 2504 ab
868 2443 1041 2504 audiendis
1057 2441 1350 2504 confessionibus?

390 2544 417 2584 1.
433 2523 580 2584 Possunt
596 2523 726 2602 quidem
741 2546 747 2599 ;
765 2533 867 2604 atque
888 2544 928 2585 ea
944 2525 1162 2606 suspensione
1179 2524 1307 2585 tollitur
1322 2524 1432 2584 omnis

339 2603 530 2683 jurisdictio
546 2624 630 2683 quae
647 2625 704 2684 per
720 2606 879 2668 Ordinem
896 2608 1172 2669 communicatur.
1190 2606 1302 2686 Quare
1318 2606 1431 2664 nullus

341 2686 411 2766 jam
439 2687 502 2747 erit
530 2706 612 2747 usus
638 2689 890 2768 privilegiorum
917 2690 988 2750 sive
1011 2709 1096 2769 quae
1118 2685 1333 2766 Regularium
1350 2694 1432 2748 sunt

345 2768 549 2844 communia,
566 2768 637 2829 sive
654 2788 739 2848 quae
754 2771 897 2853 alicujus
914 2771 1048 2833 Ordinis
1064 2777 1142 2834 sunt
1157 2767 1304 2851 propria.

386 2869 416 2912 2.
433 2851 509 2912 Non
525 2857 636 2912 tamen
651 2853 805 2915 aufertur
816 2853 1008 2932 jurisdictio
1024 2874 1123 2934 quam
1134 2851 1291 2934 Episcopi
1308 2852 1431 2927 solent,

343 2950 503 2993 unacum
527 2933 794 3015 approbatione.
808 2936 1032 3017 Regularibus
1055 2937 1143 2998 sicut
1158 2934 1295 3016 reliquis
1312 2935 1432 2997 Sacer-

344 3014 478 3076 dotibus
494 3020 660 3077 conterre.

385 3098 495 3180 Quare
527 3098 705 3178 Regularis
730 3101 797 3179 ¹qui
827 3101 915 3162 hanc
946 3101 1200 3181 suspensionem
1231 3098 1433 3182 posthabeat

342 3181 538 3261 plerumque
560 3179 662 3241 aalide
685 3201 750 3243 non
774 3191 887 3245 tamen
908 3182 989 3244 licite
1004 3183 1118 3244 audiet
1133 3182 1340 3244 secularium¹
1353 3200 1432 3242 con·

343 3261 505 3324 fessiones
519 3263 544 3326 ².
561 3265 634 3326 Nori
649 3263 742 3340 licite,
760 3265 917 3345 inquam:
943 3285 1008 3345 quo
1024 3285 1105 3327 vero
1121 3265 1229 3344 gradu
1245 3268 1374 3346 culpae,
1399 3259 1433 3325 id

343 3365 384 3407 ex
399 3346 497 3407 modo
520 3364 591 3426 quo.
607 3346 755 3426 obligent
779 3348 998 3428 Superiorum
1021 3355 1203 3429 praecepta
1226 3347 1290 3408 erit
1312 3365 1431 3409 eruen-

343 3428 434 3489 dum.
460 3427 529 3490 Cfr.
553 3447 667 3510 supra,
692 3448 726 3491 n.
750 3445 825 3506 297.

385 3511 473 3574 518.
488 3512 648 3589 Quaeres
660 3513 703 3571 de
717 3513 955 3574 familiaribus
968 3515 1282 3590 Monasteriorum‚
1296 3511 1430 3593 quinam

342 3592 409 3654 sint
424 3600 458 3653 et
473 3611 539 3672 qua
555 3599 724 3673 potestate
740 3594 975 3658 absolvantur.

388 3696 414 3736 1.
431 3675 628 3736 Familiares
650 3681 729 3737 sunt
751 3696 917 3759 personae
939 3678 1109 3739 seculares
1131 3697 1229 3759 quae,
1247 3676 1430 3740 secundum

340 3756 435 3819 Trid.
453 3776 548 3819 conc.
565 3777 593 3820 s.
610 3776 661 3837 25,
680 3777 709 3820 c.
730 3780 763 3821 11
780 3760 836 3821 De
850 3762 929 3843 Reg.
955 3787 969 3815 ‹<
988 3767 1066 3822 sunt
1082 3761 1122 3821 de
1148 3761 1430 3824 monasteriorum

342 3859 401 3900 seu
417 3840 568 3900 locorum
583 3840 721 3902 familia.
740 3868 754 3895 ›>
771 3841 875 3905 Iidem
891 3865 911 3904 a
928 3843 1033 3906 Clem.
1047 3859 1079 3920 x,
1095 3842 1133 3905 C.
1152 3843 1291 3924 Superno
1306 3841 1429 3904 descri-

341 3922 468 3982 buntur
486 3948 499 3975 «
514 3923 570 4001 qui
581 3930 660 3984 sunt
673 3942 753 3984 vere
766 3924 807 3985 de
819 3923 946 3987 familia
958 3933 991 3987 et
1007 3925 1158 3988 continui
1171 3924 1427 3990 commensales.

340 4024 408 4148 plor]
424 4010 577 4066 autem...
595 4005 652 4086 qui
667 4010 800 4068 tantum
824 4007 903 4088 ipsis
920 4008 1173 4088 (Regularibus)
1188 4007 1394 4069 deserviunt.
1414 4031 1429 4060 >

377 4106 428 4146 inc
445 4109 451 4147 :

340 4265 342 4268 Ι
369 4292 376 4326 ¹
391 4291 507 4337 Possunt
525 4297 617 4338 tamen
634 4292 784 4348 Regulares
802 4290 842 4338 uti
863 4290 897 4338 iis
914 4306 985 4351 quae
1004 4291 1141 4350 probabili
1164 4292 1298 4340 sententia
1313 4289 1431 4349 simplici

339 4347 505 4450 ponfessario
517 4349 712 4406 permittuntur
728 4349 859 4397 adversus
871 4350 1041 4414 peregrinos,
1059 4351 1115 4399 Cfr.
1129 4351 1211 4398 theol.
1225 4347 1335 4398 moralis
1345 4347 1431 4406 scrip·

351 4417 419 4451 ores.

367 4463 415 4509 ‘²S.
430 4463 459 4508 C.
473 4463 530 4510 EE.
544 4473 570 4510 et
582 4464 642 4510 RR.
657 4481 669 4512 2
682 4469 760 4511 mart.
775 4471 840 4520 1866,
853 4466 886 4511 Α.
900 4465 928 4510 S.
941 4465 968 4510 S.
982 4477 1001 4519 1,
1013 4471 1065 4511 683.
