3138 5014
141 843 286 892 Resideulio.

158 1037 285 1101 aaronis·

39 1095 42 1102 ’
119 1093 242 1170 1Ῐϊηιίονιε,

127 1156 287 1203 Asstsanas?

124 1528 139 1574 Ι
141 1543 156 1574 n
166 1529 284 1587 quodnam

125 1589 285 1646 lampasiusti·

125 1647 169 1690 tuli
176 1645 189 1690 ?

152 1781 245 1828 Earum

122 1839 259 1888 residentia.

150 2646 278 2692 Praelalus

119 2706 259 2750 manasterii

118 2775 166 2807 uon
182 2764 279 2820 rxempa

119 2817 153 2865 vel
170 2821 275 2878 euirati.

132 3387 196 3437 Jara
207 3387 276 3447 Epis·

118 3447 170 3502 copi
184 3446 209 3490 in
226 3460 274 3492 oui·

117 3505 159 3548 uia
179 3517 274 3550 monus·

117 3561 185 3607 teria.

136 3879 268 3925 Palestatis

111 3937 256 3983 Abbalissar

112 4000 208 4042 natura.

345 431 406 494 268
712 453 780 488 anns
795 452 889 488 saxu.
905 452 995 488 carus
1009 453 1029 488 11

388 588 486 670 Apud
501 588 596 666 altos,
621 592 658 650 ut
674 586 762 670 apud
787 587 1240 664 Camelitas-ExcalceatOS,
1262 584 1433 648 Eremitas

346 670 382 762 E.
399 669 581 751 Augustini
597 671 678 733 etin
696 669 866 734 Societate
888 672 980 754 Jesu,
1005 673 1098 733 nulla
1117 677 1169 731 est
1195 667 1432 752 jurisdictione

344 761 543 816 mstructus.

384 857 414 915 3.
429 837 556 899 Romae
573 835 719 898 residere
732 836 842 899 debet.
857 836 892 899 S.
907 835 946 900 C.
961 837 1034 900 EE.
1048 841 1082 898 et
1094 837 1167 898 RR.
1181 854 1220 899 22
1237 854 1316 916 aug.
1334 839 1428 914 18143

342 918 509 998 Biuzarri,
527 939 559 1000 p.
577 939 628 1000 47,
646 939 680 982 n.
699 935 750 981 111.

383 1011 819 1074 451.1.1>effinaoresseu
832 1012 1059 1073 Assistentes
1071 1009 1116 1072 illi
1129 1013 1207 1071 sunt
1220 1008 1276 1088 qui
1290 1006 1429 1070 consilio

342 1092 504 1174 adjuvant
519 1099 591 1154 tum
608 1091 819 1172 Generalem‚
837 1100 909 1156 tum
929 1093 1158 1155 Provinciales
1174 1090 1312 1154 Ordinis
1329 1110 1428 1170 regu-

341 1174 434 1236 laris.
452 1175 527 1237 Non
540 1176 677 1252 habent,
693 1195 758 1255 qua
774 1177 870 1250 taleS,
884 1167 1154 1258 jurisdictionem
1173 1193 1181 1236 t
1200 1172 1289 1236 unde
1306 1193 1429 1235 munus

341 1256 489 1338 ipsorum
506 1278 572 1320 non
589 1266 640 1320 est
653 1259 810 1338 dignitas.
836 1261 874 1321 In
893 1258 1060 1342 plerisque
1080 1257 1275 1334 OrdinibuS,
1289 1256 1428 1318 Deffini·

341 1346 431 1402 tores
457 1343 576 1403 saltem
599 1343 774 1421 generales
798 1343 924 1404 habent
953 1349 1070 1403 votum
1099 1339 1304 1403 «daeisiauur
1332 1359 1365 1416 »3
1394 1339 1427 1402 in

340 1422 510 1486 Societate
525 1424 606 1506 Jesu
624 1449 637 1477 «
654 1422 891 1486 consultatiauui
909 1451 922 1479 »
942 1429 1085 1486 tantum.

381 1529 410 1568 2.
438 1507 639 1586 Plerumque
666 1507 781 1568 eodem
808 1507 969 1589 temporis
995 1506 1105 1590 spatio
1132 1505 1248 1568 finitur
1277 1503 1426 1586 ipsorum

338 1607 460 1650 munus
476 1607 541 1668 quo
558 1607 679 1650 munus
694 1588 782 1651 illius
796 1589 849 1652 cui
866 1588 1047 1652 consiliarii
1071 1594 1150 1650 sunt
1167 1584 1271 1651 additi
1288 1586 1427 1669 ejusque

337 1678 526 1750 sequuntur
541 1670 643 1733 vices.

378 1774 407 1832 3.
435 1754 542 1815 Porro
559 1753 632 1835 ipsa
652 1751 750 1815 officii
777 1751 864 1815 ratio
880 1755 1030 1836 postulat
1049 1760 1086 1816 ut
1098 1752 1313 1816 Deffinitores
1326 1769 1424 1832 gene-

337 1839 425 1898 rales
443 1836 613 1898 resideant
629 1855 731 1918 penes
749 1836 962 1900 Generalem.

335 2031 402 2126 §3.
420 2024 488 2104 De
501 2022 802 2130 Superioribus
815 2022 1072 2104 Mouialiutu
1085 2020 1262 2128 proprio
1274 2020 1425 2102 laliuiu

333 2214 458 2278 Saurea,
477 2216 516 2270 De
535 2215 683 2283 Raiipiour,
698 2216 731 2269 tr.
751 2217 774 2277 7,
786 2215 803 2268 l.
818 2217 857 2278 10,
870 2229 893 2267 a.
904 2217 943 2277 ll,
955 2229 982 2268 n.
1000 2216 1044 2278 203
1056 2214 1090 2268 tr.
1104 2214 1128 2276 8,
1145 2214 1163 2266 l.
1176 2213 1199 2277 2,
1213 2227 1236 2266 a.
1254 2214 1278 2276 9,
1287 2226 1313 2265 11.
1327 2213 1420 2277 10-15;

366 2293 400 2346 tr.
413 2295 436 2356 9,
448 2294 465 2347 l.
480 2297 501 2357 1,
515 2309 538 2347 a.
552 2295 590 2357 12,
602 2308 629 2347 n.
650 2295 727 2358 6-11;
749 2294 944 2357 Pallizarias
962 2296 1002 2350 llo
1014 2293 1192 2360 Martialibus,
1208 2307 1231 2345 a.
1244 2293 1282 2355 10,
1295 2305 1316 2344 S.
1328 2292 1341 2342 1
1353 2290 1381 2343 et
1393 2291 1424 2355 23

368 2374 563 2436 Tambarim',
583 2373 699 2440 Daiara
714 2372 930 2437 tibiatissaruru,
951 2373 976 2426 d.
989 2374 1038 2438 32;
1059 2375 1169 2440 Bouix,
1190 2371 1302 2439 Dojura
1314 2371 1423 2438 rapula·

366 2453 450 2519 riuiu,
465 2452 484 2504 t.
497 2453 521 2518 2,
537 2466 562 2519 p.
575 2455 599 2515 5,
612 2467 634 2505 S.
646 2456 670 2516 5,
681 2467 703 2505 a.
715 2455 736 2516 1,
748 2467 773 2520 p.
787 2453 912 2517 322-3383
926 2467 951 2519 p.
962 2453 985 2516 6,
995 2467 1017 2505 S.
1032 2454 1053 2516 1,
1065 2466 1087 2504 a.
1100 2453 1124 2516 4,
1135 2466 1161 2518 p.
1174 2451 1290 2504 452-463.

373 2606 463 2669 452.
480 2607 534 2665 De
550 2607 716 2667 Praelato
743 2608 799 2668 cui
822 2607 1022 2670 subduntur
1035 2609 1222 2670 Martiales,
1241 2627 1266 2668 1.
1284 2604 1418 2666 Manas-

333 2687 418 2748 teria
433 2686 625 2749 monialium
641 2689 708 2750 alia
723 2696 802 2750 sunt
816 2694 953 2771 oxoruptu
965 2691 1030 2753 alia
1045 2711 1104 2753 uou
1120 2692 1267 2770 exempta.

334 2768 568 2912 df‘JStisiOsa
593 2771 676 2833 haec
706 2772 897 2835 ordinariae
924 2772 1114 2837 subduntur
1140 2770 1300 2854 Episcopi
1320 2767 1421 2852 juris-

356 2857 476 2914 ieiuoui.

332 3018 362 3079 R
372 2935 492 3076 Prilora
507 2935 560 2996 vel
574 2935 764 3000 subduntur
778 2935 955 3000 iuiuudiote
971 2937 1006 3001 S.
1023 2937 1099 3000 Sodi
1113 2940 1167 3000 vel
1182 2936 1291 3021 primo
1308 2934 1422 2998 Ordiui

364 3036 496 3080 errari.

373 3037 408 3162 ξ’.
427 3099 543 3178 Sedes,
561 3099 624 3162 nisi
646 3101 790 3164 alterum
812 3103 1019 3165 monasterio
1043 3102 1245 3185 praefecerit
1262 3101 1420 3184 Superio-

331 3203 414 3262 rem,
433 3193 592 3246 censetur
607 3183 811 3268 Episcopum
828 3185 1062 3248 dioecesanum
1076 3186 1248 3266 delegasse
1262 3185 1303 3247 ad
1320 3204 1420 3265 gene·

332 3269 434 3329 ralem
449 3266 643 3329 monialium
651 3267 892 3347 visitationem,
903 3269 1042 3349 singulis
1056 3266 1293 3351 perficiendam
1305 3268 1418 3329 anniS.

365 3373 402 3416 a.
431 3351 525 3432 Quae
552 3349 696 3411 subsunt
721 3352 878 3412 Praelata
904 3352 1051 3432 regulari
1078 3350 1119 3410 ab
1145 3351 1208 3411 hoc
1236 3350 1419 3429 quotannis

330 3432 525 3495 visitantur.
544 3431 767 3494 Nihilominus
792 3432 980 3514 Episcopus
997 3431 1170 3514 cognoscit
1193 3433 1232 3493 de
1256 3432 1418 3492 observa-

330 3513 419 3576 tione
438 3517 615 3577 clausurae
642 3521 675 3575 et
690 3515 732 3576 ab
744 3517 1073 3579 administratoribus
1096 3516 1261 3578 rationem
1277 3514 1317 3576 de
1334 3519 1417 3575 tem-

330 3597 438 3679 porali
471 3595 762 3658 administratione
801 3598 913 3679 exigit.
956 3601 1062 3662 Nemo
1094 3606 1271 3679 praeterea
1301 3596 1418 3658 audire

329 3686 442 3759 potest
468 3678 662 3741 monialium
690 3680 917 3743 confessiones
943 3683 1006 3744 nisi
1034 3682 1243 3763 approbatus
1259 3678 1302 3741 ab
1318 3680 1417 3761 Epis·

330 3781 426 3844 capa.
445 3761 515 3824 cfr.
533 3760 632 3839 infra,
649 3771 746 3842 parte
763 3785 792 3844 7,
812 3783 841 3826 c.
861 3787 892 3844 3.

349 3845 352 3850 ’
370 3846 458 3909 453.
474 3847 525 3907 De
538 3842 616 3922 ipsa
630 3846 835 3909 Abbatissa,
857 3869 882 3910 r.
900 3846 1081 3909 Abbatissa
1097 3852 1192 3907 caret
1198 3843 1418 3925 jurisdictione

328 3926 559 3988 ecclesiastica
575 3927 596 4004 ¹,
614 3929 672 3990 sed
693 3929 797 3991 habet
813 3935 1015 4010 potestatem
1037 3928 1260 3990 dominativum
1276 3946 1341 4007 qua
1361 3930 1417 4008 per

327 4029 357 4070 so
385 4009 496 4071 omnia
523 4008 634 4071 facere
660 4012 751 4074 valet
775 4032 861 4094 quae
885 4011 1058 4095 Superiori
1086 4016 1283 4094 competunt
1306 4015 1343 4071 ut
1365 4015 1418 4070 est

328 4099 430 4174 caput
446 4093 564 4154 domus
581 4099 613 4154 et
629 4099 726 4176 pater
741 4115 880 4158 suorum
893 4094 1140 4176 religiosorum.

340 4370 344 4377 Ι
355 4316 363 4348 1
374 4315 519 4374 Tanquam
530 4329 628 4374 parum
639 4313 735 4362 utilem
746 4312 903 4362 omittimus
913 4313 1103 4374 quaestionem
1121 4317 1219 4378 utrum·
1233 4325 1322 4360 necne
1332 4309 1416 4360 abba-

326 4375 392 4418 tissa
402 4387 418 4420 a
430 4373 457 4420 S.
471 4373 605 4420 Pontifice
614 4372 835 4431 jurisdictionem
846 4372 998 4433 delegatam
1008 4372 1136 4433 accipere
1147 4376 1242 4433 poss1t.
1257 4372 1299 4418 De
1311 4383 1367 4431 qua
1375 4385 1414 4428 re,

326 4429 375 4484 cfr.
389 4429 575 4492 Pellizarium,
588 4433 605 4478 l.
619 4445 642 4481 c.
656 4445 682 4478 n.
698 4446 803 4490 117·122·
1129 4453 1131 4458 ·
