3138 5014
123 467 307 550 [403-405]
470 490 506 524 uz
527 488 867 525 urcnnncarnruremone
939 433 940 438 =
1102 463 1104 474 ⁴
1151 461 1207 524 tlt

164 645 196 687 2.
214 623 444 704 Distinguitur
456 625 489 702 a)
501 625 566 686 Pro
578 622 643 702 ejns
658 623 880 700 corstitntlone,
893 619 1044 704 generale,
1059 619 1146 700 quod
1160 623 1210 680 est
1293 632 1407 690 Dierna

124 708 229 770 totius
260 706 407 785 OrdiniS,
430 704 631 787 provinciale,
656 726 715 768 seu
731 706 835 768 totius
850 703 1055 787 provinciae.
1075 703 1102 764 si
1118 701 1209 764 Ordo

123 789 308 874 provinciis
332 789 570 869 distinguatur,
589 795 622 850 et
638 786 831 850 conventuale
854 807 913 849 seu
935 785 1041 850 locale.
1065 785 1116 847 Ad
1132 804 1208 866 pro-

124 873 267 936 vinciale
296 872 479 954 capitulum
508 873 573 934 tria
599 874 719 934 saltem
746 869 964 951 requiruntur
991 867 1207 946 monasteria,

123 956 212 1018 sicut
228 956 269 1018 ad
286 955 393 1018 locale
409 961 479 1017 tres
495 955 614 1017 saltem
629 972 704 1016 esse
720 955 893 1035 regulares
910 959 1056 1035 oportet.

166 1038 200 1118 b)
223 1039 276 1100 Ex
292 1037 345 1100 die
360 1037 626 1116 convocationis,
643 1036 839 1100 ordinarinnr
855 1042 888 1099 et
913 1032 1209 1098 extraordinariam.

167 1142 196 1199 3.
215 1119 337 1202 Objecto
349 1120 500 1202 capitula
516 1119 581 1183 alia
594 1126 673 1181 sunt
689 1119 727 1181 de
744 1119 831 1181 rebns
842 1117 985 1202 gerendis
1001 1137 1060 1202 per
1075 1118 1211 1179 decreta
1289 1125 1424 1185 objectam:

125 1203 179 1265 vel
195 1204 346 1282 consilia,
365 1205 431 1266 alia
447 1203 487 1265 de
501 1201 693 1265 electionibus
708 1201 919 1284 peragendis.

165 1306 195 1364 4.
214 1285 400 1349 Convocatio
423 1285 560 1368 capituli
574 1304 634 1368 per
649 1305 684 1348 se
700 1285 743 1348 ab
755 1305 795 1348 eo
811 1283 964 1348 facienda
981 1283 1103 1364 estqui
1121 1281 1211 1363 capi·
1267 1293 1425 1362 Conconne,-

125 1370 196 1431 tulo
212 1388 368 1451 praeesse
385 1368 495 1432 debet.
1066 1405 1068 1408 -

167 1470 198 1531 5.
215 1453 449 1535 Quorumnam
466 1450 509 1514 sit
520 1451 577 1533 jus
594 1449 806 1534 praesentiae
821 1458 854 1512 et
871 1449 1034 1530 suffragii,
1052 1468 1093 1510 ex
1109 1447 1212 1509 variis
1267 1446 1423 1511 compostae

128 1531 433 1597 Constitutionibus
463 1541 514 1596 est
543 1533 740 1596 eruendum.
769 1534 895 1596 Locale
921 1533 1104 1615 capitulum
1127 1531 1212 1591 solet

127 1635 200 1678 esse
227 1619 309 1681 satis
335 1617 492 1698 generale
519 1617 670 1679 omnium
697 1615 752 1695 qui
773 1616 916 1698 professi
938 1623 1018 1678 sunt
1051 1621 1084 1676 et
1111 1615 1213 1694 depu-

127 1704 244 1761 tantur
260 1700 364 1762 choro
380 1700 403 1763 ¹.
420 1699 579 1764 Unanimi
595 1699 756 1779 suffragio
782 1719 899 1762 eorum
928 1700 984 1780 qui
1006 1699 1083 1780 jure
1110 1696 1213 1759 inter-

129 1787 209 1842 sunt
222 1782 368 1864 capitulo
381 1781 512 1845 admitti
535 1788 648 1865 potest
670 1790 866 1859 extraneus,
882 1781 945 1844 nisi
958 1781 1044 1844 forte
1059 1779 1101 1842 ad
1117 1799 1212 1860 pera·
1292 1781 1294 1786 '

130 1863 257 1944 gendas
273 1865 466 1928 electiones,

171 1951 201 2008 6.
218 1947 269 2009 De
286 1947 386 2009 rebus
410 1948 559 2010 decernit
582 1947 690 2029 major
712 1953 746 2008 et
768 1946 883 2010 sanior
906 1947 1042 2028 capituli
1058 1963 1148 2027 pars,
1167 1943 1214 2006 ita

129 2034 167 2089 ut
182 2029 291 2110 major
306 2036 544 2111 praesumatur
559 2049 633 2092 esse
649 2030 747 2093 simul
763 2030 891 2094 sanior.
907 2031 969 2115 Jus
984 2036 1097 2091 tamen
1114 2025 1214 2089 alicui

130 2112 319 2191 quaesitum
333 2132 354 2173 a
369 2113 498 2194 majore
515 2120 609 2193 parte
625 2113 697 2175 tolli
712 2113 840 2192 nequit.
1256 2175 1258 2182 .

170 2194 216 2258 N.
233 2196 275 2259 Β.
293 2195 419 2258 Notum
436 2201 487 2256 est
503 2194 684 2258 Societatis
698 2195 779 2279 Jesu
796 2196 924 2257 nullum
940 2213 1013 2258 esse
1031 2191 1214 2274 capitulum
1300 2207 1409 2270 ciprani

130 2272 226 2338 locale
232 2297 243 2346 ;
253 2275 443 2357 provinciale
458 2296 540 2339 vero
556 2283 589 2339 et
602 2275 743 2360 generale
759 2279 873 2339 vocari
891 2276 1151 2360 congregationes.
1269 2270 1298 2318 3·
1311 2269 1339 2320 J·
1356 2352 1361 2360 1
1402 2350 1406 2359 Ι

173 2361 263 2425 404.
286 2361 313 2424 Ι.
337 2365 389 2422 De
413 2363 580 2439 Capitulo
603 2361 773 2438 generali.
800 2382 827 2424 1.
851 2361 902 2422 De
925 2365 1054 2441 ternpore
1077 2365 1110 2420 et
1126 2356 1216 2420 rnodo
1300 2348 1404 2454 aaran

132 2442 385 2537 convocationis
401 2443 576 2507 adeundae
592 2449 671 2505 sunt
698 2443 854 2532 propriae
880 2443 1014 2506 Ordinis
1044 2441 1215 2504 Constitu·
1268 2422 1404 2522 {Zssi'e‘liis

130 2535 251 2590 tiones.

171 2632 201 2674 a.
217 2609 314 2692 Quod
327 2609 368 2672 ad
379 2609 604 2688 anctoritatenr,
630 2607 813 2691 capitulum
826 2610 982 2689 generale
996 2614 1047 2670 est
1059 2626 1217 2691 suprema
1278 2606 1428 2660 arietinas,

131 2691 264 2756 Ordinis
294 2697 456 2776 potestas,
489 2712 586 2773 quae,
619 2691 708 2754 intra
738 2691 821 2754 fines
851 2691 937 2773 juris
967 2689 1153 2754 communis
1183 2694 1216 2751 et

133 2774 420 2838 Constitutionum
439 2795 522 2856 quas
538 2775 569 2838 in
584 2775 694 2838 forma
716 2774 854 2856 specifica
878 2775 1113 2837 confirmasset
1128 2773 1216 2835 Pon·

132 2857 225 2933 tifex,
256 2859 346 2918 valet
374 2861 518 2921 condere
546 2859 636 2940 leges.
663 2856 811 2937 Legibus
834 2857 906 2920 istis
923 2857 993 2939 ipse
1016 2855 1216 2937 astringitur

120 2938 320 3008 Generalis.
336 2939 538 3019 Eisdemque
554 2942 644 3001 valet
660 2941 843 3031 capitulum
861 2939 1030 3020 reformare
1052 2942 1214 3020 regulam,

134 3019 236 3082 tollere
259 3019 436 3100 Religiosis
459 3041 548 3083 nsnrn
567 3021 813 3103 brioilegrornnr,
838 3040 991 3084 reservare
1006 3042 1093 3084 cosas
1108 3021 1140 3084 in
1157 3026 1217 3082 toto

134 3101 252 3180 ordine,
266 3101 419 3182 excipere
430 3103 581 3164 rationem
594 3103 876 3166 administrationis
889 3103 1060 3181 Generalis,
1075 3123 1217 3184 eumque

135 3183 245 3249 officio
269 3183 424 3265 privare;
442 3204 509 3247 non
533 3191 647 3246 autem
668 3186 751 3266 jam,
767 3192 845 3277 post
860 3187 996 3248 decreta
1012 3188 1140 3251 Urbani
1154 3203 1216 3248 vnr

135 3274 168 3332 et
188 3265 374 3330 Innocentii
389 3281 436 3328 ΧΠ
451 3267 499 3328 De
511 3265 708 3331 celebratione
722 3269 903 3346 Missarnrn,
922 3269 1083 3331 reducere
1100 3268 1217 3332 Missa·

135 3370 210 3416 rum
226 3368 341 3413 onera.

177 3433 229 3497 Ab
251 3433 323 3516 ipso
346 3430 471 3514 eligitur
493 3431 680 3510 Generalis,
705 3440 738 3497 et
762 3433 943 3515 deputandi
960 3438 1039 3496 sunt
1055 3440 1125 3496 tres
1142 3434 1218 3495 reli·
1302 3424 1406 3492 lutul-

136 3516 221 3599 giosi
247 3514 313 3596 qui,
344 3535 384 3577 ex
410 3514 449 3578 C.
478 3514 605 3579 Urbani
628 3532 702 3593 sun,
730 3524 862 3598 partem
888 3516 1014 3579 habere
1038 3518 1160 3579 debent
1185 3516 1219 3578 in
1268 3481 1359 3544 fraga.

137 3597 307 3682 ejiciendis
323 3597 483 3680 protessis
499 3597 793 3680 incorrigibilibus.

178 3683 267 3748 405.
298 3679 341 3743 ΙΙ.
372 3685 425 3742 De
455 3682 622 3760 Capitulo
647 3683 870 3762 provinciali.
901 3705 928 3746 r.
955 3683 1037 3767 Jure
1067 3680 1221 3744 cornarani
1304 3689 1418 3758 ciperon,

137 3764 268 3845 cogitur
297 3762 330 3825 in
353 3763 490 3826 tertium
520 3763 685 3844 quemque
706 3785 845 3828 annum.
877 3764 915 3828 C.
940 3767 979 3828 In
1005 3765 1156 3846 singulis
1189 3786 1218 3846 7,
1271 3747 1429 3855 {5222'22‘32'5

137 3848 186 3909 Dc
211 3846 303 3909 Statn
338 3845 561 3910 Monaclrorarn
584 3849 648 3926 (111,
672 3849 872 3930 35),Extra
898 3854 1051 3930 tempora
1084 3848 1220 3909 statutis
1413 3841 1420 3863 ⁹

138 3929 316 4012 praefinita
339 3929 521 3992 convocari
544 3931 660 4011 nequit
682 3930 746 3993 nisi
772 3951 792 3992 a
816 3931 997 4012 Superiore
1020 3930 1191 3994 Generali.

180 4034 210 4075 2.
226 4012 265 4074 In
278 4012 428 4094 pluribus
441 4011 635 4091 Ordinibus
648 4020 686 4076 ut
702 4013 789 4095 apud
801 4013 939 4076 Fratres
952 4014 1219 4091 Praedicat01·eS‚
1304 4029 1422 4077 Potestas.

139 4095 205 4156 ΡΡ.
235 4094 434 4157 Carmelitas
460 4101 494 4157 et
523 4095 556 4158 in
587 4095 758 4160 Societate
786 4097 880 4181 Jesu,
912 4104 1005 4160 caret
1031 4097 1222 4178 legislativa

170 4314 177 4348 ¹
193 4310 349 4379 Videndum
367 4315 433 4376 quid
448 4317 536 4366 lerant
546 4317 658 4366 Ordinis
675 4323 786 4377 statuta,
799 4318 848 4368 etsi
866 4333 898 4368 ex
913 4322 944 4370 C.
957 4318 1045 4377 Trid,
1058 4335 1079 4368 S.
1100 4337 1137 4376 22,
1157 4333 1180 4367 c.
1198 4338 1221 4376 4.

139 4369 239 4432 DrRrj.
259 4376 381 4440 exigatur
398 4375 466 4423 ordo
484 4389 569 4440 sacer.
589 4377 645 4425 Clr.
671 4377 922 4438 Schmalzgrueber,
943 4379 1007 4427 inl.
1028 4386 1049 4432 3.
1066 4385 1084 4426 t.
1104 4395 1139 4434 11,
1157 4392 1183 4425 n.
1199 4393 1221 4433 7.

141 4431 306 4494 Plerumque
321 4431 432 4496 Episcopi
448 4437 474 4480 et
491 4434 727 4500 Vicarr'r'apqstolr'cr'
743 4444 837 4485 carent
848 4450 915 4485 voce
934 4437 1025 4486 activa
1036 4441 1063 4484 et
1073 4434 1182 4497 passiva
1193 4435 1222 4484 in

140 4488 270 4549 capitulis
286 4487 399 4538 Orduns
414 4491 457 4538 vel
473 4491 592 4540 Institutr
607 4506 661 4542 sur.

1128 4554 1158 4607 16
