3138 5014
155 947 218 1008 Quid
228 949 252 994 si

120 1011 208 1066 paucae
224 1008 284 1053 sint

124 1069 144 1110 et
162 1063 230 1112 adiri
245 1077 282 1110 sa·

124 1121 187 1168 teani
208 1127 282 1181 para-

124 1180 224 1227 ctialcm
252 1193 284 1226 rc·

124 1237 238 1284 alesiam?

152 1884 232 1942 Betgl'i

123 1941 250 2002 disciplina

123 2001 261 2050 habitualis.

148 3263 196 3310 Per
214 3276 277 3310 exer·

120 3323 179 3369 cilia
207 3323 280 3382 spiri·

120 3379 205 3428 irialia.

133 3529 199 3575 Dum
210 3541 280 3574 sarar

120 3591 227 3633 uersatur
239 3599 277 3633 ex·

119 3648 158 3695 ira
165 3643 277 3692 claustra.

338 357 399 420 288
698 381 765 415 rsus
780 379 910 416 suerrus.
926 381 1016 416 carus
1030 380 1061 416 111

339 531 474 575 sorores
504 532 589 594 quae
612 514 645 576 in
662 533 723 576 sua
746 517 905 596 paroecia
921 516 1035 577 sedem
1057 514 1201 576 habent:
1219 513 1338 575 saltem
1362 510 1426 573 nisi

339 595 539 659 Ordinarius
554 595 676 659 diserte
689 597 786 660 aliter
798 598 1012 680 disposuerit.
1023 599 1128 660 Immo
1137 603 1216 659 sunt
1229 595 1426 658 canonistae

338 679 394 758 qui
420 679 612 741 existiment
629 699 696 742 non
719 699 792 742 esse
816 681 847 743 in
872 680 1030 762 Episcopi
1057 687 1226 762 potestate
1251 685 1289 740 ut
1315 679 1424 752 tollat,

338 761 427 842 quod
443 762 485 824 ad
502 781 648 840 sorores,
662 763 931 844 jurisdictionem
959 783 1059 844 quam
1088 783 1128 824 ex
1156 781 1294 825 munere
1321 761 1426 823 habet

338 844 508 926 parochus
525 844 557 906 in
573 865 689 908 omnes
712 865 792 907 suos
815 847 1052 927 parochianos.
1071 847 1185 923 Melot,
1210 867 1243 908 n.
1262 850 1333 924 362.
1351 849 1423 924 367.

379 948 411 1005 4.
439 927 583 990 Sorores
607 948 692 1009 quae
712 934 830 1010 paucae
857 948 980 991 niratica
1007 929 1039 991 in
1065 929 1168 991 variis
1196 930 1277 990 locis
1301 933 1425 988 vacant

340 1010 552 1080 instituendis
579 1011 695 1090 puellis
711 1020 743 1074 et
760 1007 976 1091 frequentare
1003 1013 1113 1074 solent
1136 1009 1312 1074 ecclesiam
1327 1028 1425 1092 paro-

339 1093 482 1156 chialem
504 1099 541 1155 ut
563 1093 685 1155 Missae
702 1095 858 1160 intersint
874 1101 907 1156 et
924 1102 1138 1156 sacramenta
1155 1094 1329 1174 recipiant,
1349 1112 1425 1174 pos*
1514 1134 1519 1146 ·

339 1183 417 1238 sunt
444 1184 540 1238 extra
571 1177 740 1257 propriam
765 1177 899 1240 domum
928 1177 1081 1240 confiteri
1112 1195 1214 1258 penes
1245 1175 1425 1255 quemlibet

340 1258 584 1322 confessarium
598 1260 640 1319 ab
654 1259 835 1330 Ordinatio
848 1260 1085 1342 approbatum.
1100 1260 1135 1322 S.
1150 1259 1189 1322 C.
1203 1259 1273 1322 EE.
1290 1265 1323 1320 et
1336 1258 1425 1336 RR,

339 1363 377 1404 22
407 1341 502 1423 april.
541 1347 630 1420 1872,
662 1342 703 1402 ad
734 1364 765 1420 3.
796 1344 1000 1418 Bucceroni,
1033 1341 1255 1420 Enctiridian,
1290 1361 1324 1424 p.
1354 1361 1423 1420 171.

338 1425 435 1505 Quod
469 1425 536 1485 iate
567 1423 599 1485 in
634 1425 716 1486 alias
751 1426 914 1488 transfert
948 1446 1083 1487 sorores
1113 1425 1233 1506 quibus
1267 1423 1425 1486 claustris

337 1506 449 1586 egredi
467 1506 672 1588 permittitur
687 1507 851 1584 Meditare,
869 1526 901 1582 x,
921 1531 951 1586 2,
969 1529 1001 1589 p.
1023 1514 1092 1588 165.

380 1589 517 1650 Statuto
534 1595 647 1650 tamen
665 1589 929 1673 episcopalique
946 1591 1070 1654 diserte
1086 1589 1163 1652 talis
1186 1588 1266 1670 ipsis
1282 1596 1427 1669 negetur

337 1670 481 1733 facultas
507 1672 664 1734 standum
693 1692 766 1734 esse
788 1680 1018 1752 autumamus,
1044 1673 1107 1736 etsi
1130 1672 1234 1736 menti
1262 1673 1298 1736 S.
1327 1673 1425 1736 Sedis

336 1753 912 1828 videaturminusconsentaneum.
952 1777 955 1782 ·
995 1755 999 1764 '

371 1862 462 1920 478.
481 1864 664 1920 Praesens
678 1864 875 1932 disciplina
888 1866 925 1920 in
944 1866 1079 1934 Belgio.

376 1971 400 2015 1.
416 1957 449 2032 a)
465 1955 500 2014 In
513 1957 640 2016 dioecesi
656 1954 859 2029 Gaadaaeasi,
873 1970 906 2017 ut
915 1960 1076 2020 audiantur
1089 1959 1263 2034 simpliciter
1277 1957 1425 2032 professae

335 2043 472 2115 specialis
484 2041 609 2101 facultas
628 2045 785 2117 requiritur
797 2046 834 2101 ad
854 2041 1011 2104 ticeitateai
1031 2054 1160 2101 tantum.
1175 2043 1213 2099 Et
1226 2041 1424 2099 confessarius

335 2128 500 2185 ordinarius
513 2138 609 2201 potest
622 2130 765 2186 sacerdoti
789 2131 820 2186 in
841 2129 967 2186 dioecesi
989 2129 1164 2202 approbato,
1189 2127 1282 2184 semel
1303 2128 1348 2181 vel
1363 2124 1419 2198 bis,

331 2213 444 2288 justam
459 2213 496 2270 ob
505 2230 638 2284 causam,
650 2213 744 2272 facere
757 2213 928 2272 facultatem
940 2208 1072 2286 (Statata
1084 2223 1104 2270 t.
1115 2211 1150 2306 6ι
1158 2229 1184 2269 c.
1196 2213 1234 2286 2).
1250 2211 1281 2286 b)
1293 2209 1327 2267 ln
1338 2206 1422 2268 Bra-

332 2291 420 2371 geasi
431 2294 462 2367 (t.
478 2294 505 2364 6,·
521 2307 573 2352 art.
590 2297 617 2372 7)
632 2306 661 2354 et
675 2294 834 2356 Leadieasi
843 2298 884 2370 (n.
898 2299 946 2373 90)
959 2291 1111 2356 iiauatidae
1130 2305 1201 2354 sunt
1220 2293 1422 2352 confessiones

336 2380 512 2435 monialium
539 2377 749 2439 ataiasiratiaia
773 2383 838 2439 sine
866 2383 916 2438 ilia
944 2382 1084 2454 peculiari
1111 2381 1259 2438 Ordinarii
1283 2379 1424 2436 facultate

335 2474 484 2533 exceptae.
502 2462 531 2536 c)
555 2462 589 2519 ln
609 2465 674 2520 aliis
698 2465 881 2521 dioecesibus
903 2459 1135 2536 (flectitiaieusi,
1156 2459 1294 2530 Statili-is,
1311 2481 1342 2518 n.
1357 2463 1422 2533 280,

334 2539 537 2602 Namarceasi
548 2564 584 2601 ex
599 2548 724 2619 pagella,
744 2543 934 2616 Toriiaceasi,
948 2543 1025 2606 Stat.
1041 2567 1071 2607 n.
1091 2547 1152 2624 152)
1176 2547 1316 2620 speciales
1330 2544 1423 2602 facul·

335 2637 380 2684 tas
405 2644 458 2699 pro
486 2630 638 2700 quibusvis
662 2631 810 2686 sororibus
837 2633 995 2703 requiritur
1021 2629 1062 2692 act
1088 2627 1271 2690 validitatem
1297 2631 1421 2700 quando

334 2710 480 2767 confessio
495 2713 638 2786 excipitur
654 2715 684 2770 in
704 2716 857 2772 conuenta.
873 2713 972 2772 Immo
986 2717 1016 2773 in
1036 2713 1233 2774 Namurcensi
1254 2710 1299 2784 (ex
1312 2711 1416 2767 litteris

334 2795 555 2868 approbationis
577 2797 849 2875 confessariorum),
865 2801 1000 2872 specialis
1016 2800 1141 2858 facultas
1168 2793 1207 2858 ad
1234 2791 1420 2858 validitatem

334 2880 449 2936 videtur
474 2882 592 2954 requiri,
619 2883 709 2940 etiam
734 2894 766 2939 ut
788 2885 974 2956 excipiantur
996 2902 1132 2942 sororum
1158 2880 1358 2940 confessiones
1388 2875 1423 2936 in

333 2961 601 3047 ecclesiis-pattici,
615 2991 628 3020 «
641 2969 697 3024 nisi
708 2977 819 3025 statuta
832 2970 878 3025 vel
890 2970 1042 3042 legitimae
1053 2967 1286 3028 consuetudines
1303 2961 1424 3021 Ordinis

312 3089 314 3092 -
334 3051 380 3107 vel
394 3052 631 3125 congregationis
645 3055 817 3126 permittant
830 3063 863 3108 ut
876 3053 971 3110 dictae
986 3052 1132 3110 moniales
1153 3068 1204 3108 seu
1219 3064 1333 3106 sorores
1353 3063 1424 3103 con-

333 3133 477 3193 fessiones
489 3147 570 3194 extra
585 3139 802 3195 monasterium
820 3138 988 3195 instituant.
1005 3160 1018 3188 ›>

369 3250 396 3290 2.
411 3233 584 3292 Sacerdotes
596 3234 647 3308 qui
660 3253 729 3292 cum
745 3235 865 3291 licentia
884 3234 1024 3306 Episcopi
1041 3233 1162 3290 tradunt
1176 3229 1328 3305 Exercitia¹
1339 3227 1423 3300 spiri-

334 3319 426 3376 tualia
444 3322 580 3376 obtinent
599 3338 635 3376 ex
654 3321 725 3392 ipsis
747 3320 865 3375 statutis
887 3318 1071 3374 dioecesanis
1090 3316 1263 3394 facultatem
1283 3311 1423 3370 audiendi

333 3421 457 3461 sorores.
472 3404 566 3462 Silent
580 3415 682 3462 tamen
696 3414 806 3460 statuta
820 3402 1042 3460 namurcensis.

369 3522 395 3578 3.
410 3505 530 3563 Sorores
543 3522 619 3578 quae
639 3502 679 3563 art
697 3506 809 3582 tenipas
822 3499 954 3580 legitime
966 3511 1121 3560 versantur
1134 3509 1215 3558 extra
1227 3506 1422 3566 conventum,

334 3585 412 3648 licite
426 3590 537 3646 adeunt
550 3607 773 3662 quemcumque
792 3589 989 3662 approbatum
1011 3581 1164 3661 (Metilia.
1185 3603 1216 3641 n.
1231 3584 1298 3656 2833
1319 3576 1422 3656 Brag.

334 3672 353 3729 l.
368 3691 394 3729 c.
409 3681 463 3728 art.
479 3686 511 3746 5;
534 3667 634 3730 Gaad.
655 3674 675 3731 l.
695 3689 738 3743 c.;
759 3669 851 3730 Leost.
867 3672 886 3729 l.
902 3688 944 3742 c.,·
966 3668 1093 3729 Toraac.
1109 3688 1139 3726 n.
1156 3681 1217 3744 155.
1231 3699 1266 3707 -
1284 3659 1424 3723 Namar-

333 3752 431 3814 ceasia
444 3764 554 3811 statuta
568 3756 676 3832 silent).

368 3869 395 3925 4.
415 3849 449 3907 In
464 3846 672 3910 Meritiaieasi
686 3848 808 3912 dioecesi
820 3851 975 3926 approbati
990 3860 1060 3908 sunt
1074 3849 1111 3908 ad
1124 3845 1325 3910 confessiones
1344 3861 1423 3902 soro-

333 3952 399 3993 rum
413 3952 519 3992 omnes
534 3936 688 4007 Canonici,
703 3937 793 3993 etiam
810 3937 971 4006 honorarii,
993 3935 1144 3991 Ecclesiae
1164 3931 1422 4004 Metropolitanus,

333 4037 497 4092 omnesque
507 4020 622 4078 decani.
639 4019 846 4077 Confessarius
856 4037 925 4076 vero
937 4018 1012 4092 (tum
1024 4017 1200 4086 ordinarius,
1218 4024 1282 4072 tum
1294 4021 1423 4072 exuaor-

332 4103 475 4178 dinarius)
489 4103 576 4180 alicuj
582 4120 616 4160 us
629 4115 804 4172 conventus
820 4121 855 4160 eo
869 4104 933 4177 ipso
947 4102 1044 4159 valide
1059 4102 1141 4158 audit
1161 4117 1268 4158 omnes
1280 4095 1424 4155 dioecesis

333 4187 488 4257 monialae,
519 4197 547 4245 et
571 4187 658 4257 licite,
686 4189 845 4245 accedente
870 4188 958 4244 venia
987 4185 1215 4258 Superiorissae.
1250 4178 1351 4254 (frasta.
1381 4174 1423 4236 du

333 4265 369 4328 C.
395 4267 564 4351 Deitamps
585 4287 647 4330 aaa
667 4287 817 4329 carrinam.
843 4267 931 4349 relig.
957 4266 1005 4328 des
1023 4265 1161 4346 fetantes,
1183 4280 1213 4326 2ο
1232 4265 1303 4324 edit.
1323 4281 1377 4338 par
1395 4263 1423 4319 le

332 4357 366 4416 C.
381 4355 541 4428 Goossens,
557 4375 583 4415 c.
598 4375 625 4430 4,
641 4355 727 4432 §4et
739 4355 779 4437 6.)
