3138 5014
142 473 326 554 [496496]
360 495 396 530 ne
412 493 505 530 sncurs
520 495 687 532 uruisrunus
703 497 737 530 ax
753 493 910 530 rores‘rurn
925 495 1078 532 onoruuam
1172 469 1231 536 307

173 639 200 679 u.
213 627 243 679 21
255 639 262 690 ;
275 628 309 680 tr.
320 628 344 692 6,
357 642 380 681 c.
393 629 417 692 6,
426 642 453 681 11.
468 630 548 692 13;c.
561 631 585 693 9,
596 644 624 685 n.
638 632 730 696 16-513
743 632 856 694 e.10,n.
870 633 899 696 7;
913 646 935 685 c.
949 633 988 695 11,
1000 630 1230 696 n.9;Scbmier,

173 707 405 775 tucuprudentiu
427 709 675 778 canonico-ciuilis,
693 710 711 765 l.
731 713 755 775 3,
772 726 799 779 p.
819 711 875 764 290.
888 711 952 776 2943
964 712 1122 777 flotarius,
1139 709 1229 766 Theoi.

172 801 243 842 ntor.
258 788 382 855 reputor.
397 788 416 841 t.
430 790 453 855 l,
468 788 485 841 l.
498 789 521 850 3,
535 802 557 842 e.
570 790 602 853 4;
623 789 835 853 Reiffeustuet
856 789 887 844 iu
904 788 921 842 l.
941 792 953 842 1
967 788 1048 843 Decr.
1061 790 1080 842 t.
1093 791 1116 853 6,
1131 790 1231 843 11315-

171 864 235 929 317;
248 865 543 936 Scbmalagruebar,
556 867 587 920 in
601 866 618 920 l.
631 869 656 935 3,
677 868 696 920 t.
714 870 740 935 5,
762 883 790 922 n.
801 868 851 931 86;
872 867 891 922 t.
903 868 944 931 37,
955 879 982 920 n.
995 867 1018 919 6.
1032 857 1054 920 7'.
1067 869 1096 932 8;
1118 869 1229 935 Bouirr,
1301 897 1305 906 ι
1397 899 1401 907 «

171 942 283 1010 Dciure
295 945 480 1013 recubitum,
495 946 514 998 t.
526 946 551 1006 2,
561 959 587 1013 p.
600 947 624 1009 6,
639 960 661 1000 e.
676 949 698 1008 1,
711 961 734 998 o.
746 947 770 1009 3,
782 961 808 1014 p.
820 946 885 1010 436;
898 947 1001 1006 Melet,
1013 946 1052 999 De
1071 943 1229 1006 Ordinibus,
1277 996 1280 1004 ,

172 1020 224 1075 etc.
236 1033 264 1074 n.
278 1023 402 1088 103-106;
415 1025 493 1086 Fiat,
505 1024 709 1080 Praefectiones
723 1024 799 1091 juris
817 1025 905 1092 repul.
929 1023 947 1076 t.
961 1027 984 1090 l,
1004 1038 1030 1091 p.
1044 1024 1160 1077 188-195.
1172 1022 1229 1075 263.

171 1101 227 1154 306.
250 1102 312 1166 aaa
335 1102 354 1157 t.
367 1103 391 1165 a,
407 1115 433 1169 p.
456 1105 511 1156 115.
532 1103 597 1168 esa
615 1105 757 1173 Angelus
775 1117 792 1158 a
810 1105 861 1158 ss
885 1102 1228 1168 concanonicum.
1280 1081 1293 1098 ²

171 1181 190 1233 t.
210 1183 232 1245 1,
250 1194 275 1248 p.
289 1181 524 1246 ror-tomento,
536 1182 740 1239 Praedictiones
749 1181 810 1250 incr⁸
826 1197 889 1238 curru.
903 1181 921 1234 1.
934 1183 958 1245 3,
969 1182 989 1234 t.
1003 1183 1043 1244 35,
1054 1195 1082 1234 n.
1096 1180 1178 1233 10-14.

179 1345 269 1410 496.
298 1345 427 1410 Stando
452 1347 529 1431 jure
558 1348 739 1426 communi,
766 1348 926 1430 Religiosi
953 1353 1095 1431 possunt
1120 1344 1228 1406 creari

140 1426 338 1506 Cendiuales,
367 1429 443 1512 eligi
470 1431 502 1492 in
526 1431 690 1514 Episcopos
712 1440 746 1494 et
769 1451 850 1493 suae
876 1429 1032 1493 assentiri
1059 1427 1225 1490 electioni.

139 1508 210 1572 CC.
225 1509 261 1573 Si
273 1511 462 1593 religiosus,
477 1533 529 1595 27,
544 1523 589 1591 et,
606 1515 737 1592 Nullus,
754 1519 805 1592 28,
822 1514 871 1575 De
883 1512 1022 1575 electione
1037 1511 1068 1574 in
1082 1517 1101 1573 6
1118 1514 1154 1589 (1,
1173 1513 1203 1586 6)
1218 1530 1225 1587 3

138 1611 168 1653 c.
193 1592 397 1675 Dispendiis,
414 1596 503 1658 unic.
528 1597 623 1660 Extr.
651 1596 781 1660 Cornua*
795 1597 844 1658 De
865 1594 1071 1675 postulatione
1094 1597 1129 1672 (1,
1148 1593 1178 1670 a)
1195 1603 1228 1655 et

138 1693 168 1736 c.
187 1673 222 1736 Si
248 1675 435 1756 religiosus,
449 1701 479 1756 2,
496 1679 592 1742 Entr.
606 1679 726 1742 Cenem.
744 1680 792 1741 De
807 1678 948 1740 electione
964 1683 999 1758 (1,
1017 1681 1061 1757 3).

177 1767 267 1833 497.
277 1768 303 1832 Ι.
317 1773 369 1833 De
379 1772 560 1834 Cardinali
578 1775 743 1850 regulari.
758 1793 784 1835 1.
795 1772 983 1854 Religiosus
997 1778 1171 1853 promotus
1185 1769 1227 1832 ad

138 1848 395 1914 Cardinalatum
409 1863 612 1917 veremanet
624 1854 789 1934 neguciante,
807 1856 1028 1938 propriaeque
1044 1853 1227 1934 Religionis

138 1939 255 1994 servat
272 1933 450 1996 incestibus
467 1936 598 2017 signum
618 1939 639 2001 ¹.
658 1939 722 2020 Qui
737 1949 852 2000 tamen
868 1959 886 1999 e
902 1935 1073 1999 canonicis
1097 1936 1151 1997 vel
1163 1936 1227 1996 cle-

138 2014 216 2077 ricis
239 2017 450 2097 regularibus
477 2026 698 2082 assumuntur
718 2021 816 2082 simili
840 2021 1041 2082 secularium
1065 2017 1227 2080 Cardine-

137 2097 217 2161 lium
229 2106 372 2162 utuntur
384 2101 521 2181 vestitu,
536 2102 599 2166 uisi
618 2103 706 2184 quod
729 2102 844 2164 sericis
867 2103 1017 2164 vestibus
1042 2101 1225 2162 abstinent.

179 2203 210 2244 2.
243 2182 328 2245 Votis
358 2188 492 2247 tenetur
521 2185 753 2266 professionis
776 2204 869 2246 suae.
908 2186 1025 2265 ltaque
1062 2201 1129 2244 non
1165 2181 1228 2243 sibi

137 2263 282 2343 acquirit
307 2265 395 2327 bona
421 2268 479 2329 sed
502 2269 556 2330 vel
584 2268 748 2330 ecclesiae
771 2268 867 2349 cujus
891 2269 979 2347 gerit
1005 2266 1152 2340 titulum,
1174 2265 1228 2325 vel

138 2346 312 2410 Ecclesiae
318 2367 501 2494 cpomariae.
526 2349 619 2414 Solet
636 2360 750 2412 tamen
768 2349 803 2412 S.
821 2349 976 2412 Pontifex
1004 2348 1065 2432 ipsi
1089 2346 1227 2410 reddere

139 2429 189 2490 'us
203 2433 314 2496 testan
340 2431 361 2493 i.

133 2447 145 2510 J
178 2511 374 2594 Postquam,
401 2514 449 2577 sic
472 2515 612 2596 jube-nte
639 2515 675 2578 S.
707 2513 881 2592 Pontifice,
910 2514 984 2595 quis
1010 2517 1148 2575 coactus
1175 2520 1227 2573 est

137 2595 308 2676 suscipere
338 2595 591 2677 Cardinelutunn,
609 2617 676 2660 non
709 2597 845 2660 videtur
875 2597 947 2680 jam
978 2602 1058 2659 voto
1088 2595 1226 2657 arcendi

136 2675 318 2756 dignitates
333 2678 486 2763 impediri
502 2683 582 2761 quin
598 2680 658 2744 fiat
673 2680 854 2764 Episcopus.
963 2739 966 2746 ,

178 2760 244 2823 Uni
261 2761 298 2825 S.
314 2763 469 2826 Pontifici
485 2763 621 2827 obedire
638 2764 748 2827 debet.

179 2863 208 2920 3.
239 2843 337 2925 Quod
359 2846 400 2907 ad
422 2845 629 2908 observantius
653 2845 821 2928 regulares,
849 2847 966 2910 eodem
988 2853 1040 2908 est
1064 2845 1138 2909 loco
1161 2863 1226 2926 quo

136 2922 324 3006 Episcopus
340 2928 516 3006 regularis,
531 2930 571 2990 de
587 2948 652 3009 quo
668 2930 795 2993 statim.

177 3018 267 3081 498.
285 3018 328 3079 II.
346 3021 399 3080 De
415 3022 592 3100 Episcopo
605 3025 775 3100 regulari.
793 3043 820 3085 1.
834 3023 1021 3106 Episcopus
1035 3021 1096 3084 iste
1114 3027 1227 3083 manet

138 3098 261 3160 sodalis
274 3099 326 3161 sui
342 3098 490 3164 Ordinis.
954 3110 956 3114 ’
1021 3120 1027 3132 ·

179 3202 210 3244 2.
228 3181 300 3245 Nisi
315 3181 417 3246 fuerit
443 3183 627 3246 canonicus
653 3187 707 3247 vel
731 3187 874 3250 clericus
891 3185 1067 3266 regularis,
1093 3184 1226 3246 Ordinis

139 3265 278 3346 propria
294 3263 383 3328 ferre
400 3264 499 3332 debet
514 3274 692 3330 tonsuram
709 3279 742 3334 et
758 3268 924 3332 habitum.

98 3348 100 3353 ’
179 3369 211 3426 3.
229 3349 326 3430 Quod
349 3348 391 3411 ad
407 3350 541 3430 regulas
565 3369 646 3412 suae
663 3351 892 3432 professionis
918 3349 1169 3427 obligationem,
1187 3350 1227 3410 de

138 3448 204 3509 qua
220 3431 430 3512 aliquantum
448 3439 499 3494 est
511 3431 712 3510 dubitatum,
730 3435 776 3496 ita
792 3434 977 3496 declaravit
995 3432 1030 3495 S.
1050 3431 1088 3494 C.
1105 3432 1177 3494 EE.
1195 3439 1228 3493 et

138 3513 211 3576 RR.
243 3514 255 3544 ²
285 3513 511 3576 declaratione
536 3535 557 3576 a
582 3516 642 3577 Pio
668 3533 713 3594 rx,
741 3521 760 3579 6
786 3517 864 3580 maii
894 3520 972 3594 1864
1001 3515 1226 3588 confirmata:

141 3621 154 3650 ‹
183 3594 388 3675 Affirucetiue,
413 3597 455 3659 ad
478 3597 725 3680 praescriptum
763 3599 801 3662 C.
832 3598 1006 3661 Benedicti
1035 3615 1096 3660 xm
1127 3597 1226 3678 incip.

133 3677 285 3742 ‘Custodes
301 3679 335 3742 ³:
363 3698 481 3761 nempe
496 3681 684 3762 Episcopus
700 3683 865 3763 regularis
888 3688 1024 3743 tenetur
1046 3680 1228 3741 observare

139 3764 273 3842 regulas
299 3782 381 3830 suae
407 3763 577 3844 religionis
604 3783 689 3844 quae
716 3763 893 3827 materiam
919 3763 988 3825 voti
1019 3761 1228 3845 paupertatis

139 3845 385 3923 determinaut;
410 3844 489 3909 item
513 3854 648 3909 tenetur
668 3847 751 3910 alias
767 3848 902 3928 regulas
925 3853 958 3907 et
974 3844 1228 3907 observationes

139 3927 292 4006 dignitati
322 3934 356 3992 et
389 3928 498 3991 officio
532 3929 712 4012 episcopali
742 3949 808 3992 non
842 3934 1081 4011 repugnantes,
1112 3927 1228 3988 eadem

139 4009 342 4091 obligatione
366 4010 462 4091 gravi
479 4013 532 4075 vel
555 4012 620 4075 levi
641 4013 825 4075 observare
851 4031 916 4092 qua
940 4011 1120 4073 tenebatur
1135 4015 1229 4071 ante-

158 4267 174 4332 ,Ι
196 4267 275 4332 Unus
294 4268 321 4315 S.
340 4269 467 4318 Pontifex
487 4268 534 4330 qui
551 4285 582 4320 ex
593 4267 764 4332 regularibus
776 4274 932 4317 assumatur
951 4266 1079 4316 habitum
1090 4281 1156 4316 suae
1167 4266 1229 4314 reli-

138 4338 227 4386 gionis
237 4325 319 4385 plane
330 4327 413 4376 exuit.

166 4398 177 4432 2
192 4395 249 4444 Cir.
261 4409 373 4444 causam
385 4396 465 4445 istam
476 4397 534 4447 fuse
543 4397 712 4459 propositam
720 4397 796 4458 apud
805 4396 938 4454 Bizzarri,
950 4411 978 4457 p.
991 4405 1098 4455 767774.

165 4467 176 4502 ³
190 4465 357 4516 Constitutio
369 4464 430 4524 ista,
442 4485 452 4514 1
465 4474 544 4518 mart.
559 4475 624 4527 1725,
635 4475 676 4518 est
687 4471 721 4518 de
729 4467 782 4518 hoc
792 4473 952 4530 argumento
963 4466 1141 4516 conferenda.

1311 1369 1436 1418 Promotio

1278 1430 1395 1485 permissu

1276 1485 1331 1552 jure
1341 1498 1443 1532 commu·

1275 1803 1289 1820 *
1311 1791 1443 1839 DeCardi-

1281 1851 1335 1896 nati
1353 1849 1419 1909 regul
1434 1876 1443 1886 ·

1282 1909 1315 1955 ri.

1310 1989 1372 2048 Ejus
1393 1995 1443 2036 sta·

1283 2051 1328 2104 tus,
1341 2052 1424 2100 uestes·

1311 2186 1433 2243 Obligare

1282 2243 1342 2302 quot
1359 2243 1391 2292 ad
1403 2258 1442 2292 uo·

1281 2308 1317 2357 ra,

1310 2867 1419 2927 Regulus.

1303 2979 1443 3039 DeEpisco-

1278 3043 1309 3098 po
1328 3037 1441 3095 regulari.

1282 3094 1371 3205 tusEp'us
1393 3101 1441 3142 stu·

1311 3235 1421 3282 Habitus

1427 3249 1432 3260 ι

1426 3273 1432 3291 l

1312 3354 1433 3411 Obligatus

1282 3412 1342 3471 uliud
1360 3412 1392 3459 cul
1407 3424 1441 3470 re·

1280 3470 1358 3529 gulas,

1387 3634 1436 3705 ’,1.’,1
