3142 5004
170 427 351 505 [319-322]
530 447 565 483 us
581 448 707 483 urscassu
724 448 932 483 nutrorosouun
1198 427 1256 489 i8'l
1304 498 1306 502 .

169 583 305 645 licentia
335 584 367 646 in
396 584 554 646 Ordinem
581 583 785 646 strictiorem
813 583 843 643 in
868 601 966 664 quem
988 589 1066 644 certo
1082 583 1198 646 nouerit
1220 601 1256 645 se
1302 653 1305 658 ¹

170 672 364 748 cooptatum
389 667 429 728 iri
454 667 476 729 ¹.
755 711 759 715 —
1028 721 1030 728 ,

210 749 265 812 Ad
286 749 436 811 Ordinem
460 747 627 829 ooqorolnn,
652 747 683 810 id
706 748 756 809 fas
772 753 834 826 est,
859 753 1008 810 annuente
1022 753 1148 823 utroquo
1165 747 1257 832 Sopo-

169 831 263 908 riore,
290 831 424 894 Ordinis
448 852 541 912 aquo
564 840 597 893 et
620 831 754 893 Ordinis
777 831 819 892 od
833 851 932 911 qnam.

211 914 391 977 Transitus
417 915 458 976 ad
485 913 678 996 Religionem
703 913 853 975 laxiorem
882 934 902 975 a
931 916 1090 977 Praelato
1118 913 1258 977 concedi

171 997 286 1078 nequit
302 999 373 1060 sine
395 997 489 1080 justa
512 1017 632 1059 causa:
659 997 809 1058 continet
825 996 912 1059 enim
929 997 1214 1079 dispensationem
1237 1016 1257 1058 a

171 1081 272 1142 votis.
301 1082 411 1160 Atque
437 1079 540 1142 etiam
567 1080 610 1141 ob
632 1080 761 1160 justam
787 1099 924 1142 causam
942 1081 1076 1142 videtur
1099 1079 1138 1142 C.
1162 1079 1256 1142 Trid.

171 1183 201 1224 c.
223 1183 269 1242 19,
287 1183 315 1225 s.
341 1181 391 1242 25,
417 1163 466 1224 De
488 1161 600 1246 Regni.
626 1163 763 1224 obstare
787 1182 827 1224 ne
850 1162 910 1224 fiat
932 1164 1136 1226 auctoritate
1152 1163 1257 1233 solius

170 1246 328 1321 Praelati‚
344 1244 407 1308 nisi
419 1246 458 1318 is,
473 1251 509 1306 ut
522 1244 740 1328 Praepositus
757 1245 930 1308 Generalis
948 1246 1128 1309 Societatis
1140 1245 1221 1328 Jesu
1233 1245 1256 1323 ²,

170 1328 345 1410 privilegio
361 1329 494 1390 fruatur
506 1327 789 1390 incommunicabili
803 1328 835 1390 id
848 1328 1063 1392 concedendi.
1077 1327 1258 1391 Transitus
1339 1325 1342 1330 ⁴

171 1419 282 1473 tamen
299 1410 341 1473 ab
364 1410 489 1473 Ordine
514 1410 569 1472 ubi
586 1411 677 1492 viget
702 1411 892 1473 claustralis
913 1418 947 1473 et
962 1409 1127 1493 regularis
1144 1410 1258 1473 obser-

170 1493 287 1557 vantia
310 1493 352 1556 ad
369 1495 512 1556 alterum
542 1494 597 1556 ubi
625 1514 691 1555 non
708 1495 819 1573 viget;
849 1493 1002 1557 similiter
1029 1494 1194 1557 transitus
1216 1494 1258 1557 ad

171 1577 379 1658 Religionem
408 1576 578 1638 militonem
613 1578 666 1639 vel
695 1575 914 1658 inspiratorem
949 1597 1080 1660 semper
1110 1576 1260 1660 postulat

171 1659 339 1722 licentiam
356 1659 392 1722 S.
411 1659 518 1734 Sedis,
533 1678 574 1719 ex
589 1657 627 1721 C.
646 1659 733 1720 Licet
748 1659 857 1736 Sacro,
877 1661 1051 1724 Benedicti
1067 1675 1140 1738 xm,
1158 1660 1175 1742 ξ
1191 1681 1258 1753 ²²4·

212 1765 242 1805 2.
260 1743 325 1805 Sed
342 1740 411 1802 fere
428 1742 539 1802 nullus
555 1748 606 1802 est
619 1741 710 1804 Ordo
726 1743 905 1822 Regularis
923 1743 1000 1823 quin
1018 1744 1141 1805 habeat
1158 1742 1259 1824 privi-

171 1825 295 1906 legium
311 1825 344 1886 vi
361 1823 456 1905 cujus
473 1823 619 1905 religiosi
636 1823 678 1885 ad
693 1825 836 1886 alterum
853 1825 1012 1888 Ordinem
1030 1826 1176 1888 transire
1193 1845 1260 1887 non

172 1913 313 1988 possunt
330 1906 391 1968 nisi
415 1913 585 1968 annuente
609 1906 791 1986 Superiora
806 1908 859 1969 vel
882 1927 923 1970 ex
937 1909 1100 1970 facultate
1117 1909 1259 1988 Aposto-

172 1990 248 2051 lica.
273 1988 360 2050 Olim
385 1988 517 2067 quidem
541 1989 645 2051 libere
663 1991 799 2069 patebat
816 1991 979 2052 transitus
1003 1991 1044 2052 ad
1062 1990 1260 2051 Carthusia·

172 2091 245 2148 nos,
271 2069 329 2132 sed
353 2072 528 2152 privilegia
550 2093 570 2134 a
593 2071 743 2154 pluribus
767 2071 907 2133 obtenta
927 2072 1108 2134 Ordinibus
1125 2078 1158 2132 et
1174 2091 1260 2150 quae

170 2153 332 2227 videntur
347 2154 569 2216 connnnnicori
587 2174 663 2216 cum
687 2154 771 2226 aliis
795 2154 883 2215 hanc
901 2153 1131 2235 exceptionem
1147 2153 1260 2215 abole-

173 2243 310 2297 verunt.
342 2236 410 2297 cfr.
439 2255 472 2296 V.
500 2256 551 2316 gr.
576 2236 615 2297 C.
641 2235 778 2316 [intincti
803 2235 901 2300 Nobis
927 2235 943 2317 ᾗ
971 2258 1001 2312 2,
1029 2233 1158 2300 Urbani
1184 2251 1258 2314 vm,

173 2342 191 2398 9
208 2338 287 2399 aug.
311 2323 398 2394 1628,
417 2318 458 2380 ad
474 2319 538 2381 ΡΡ.
559 2318 793 2400 Capuccinos.·

214 2423 244 2480 3.
268 2401 417 2464 Moniolis
440 2401 655 2484 praepeditur
679 2403 836 2464 clausura
860 2401 1049 2481 quominus,
1068 2399 1261 2465 inconsulta

173 2484 209 2547 S.
229 2484 327 2563 Sede,
346 2491 498 2547 transeat
521 2485 563 2547 ad
586 2486 727 2551 alteram
743 2483 963 2564 Religionem.
989 2483 1157 2563 Palmieri‚
1174 2486 1197 2549 l.
1212 2505 1259 2572 c.,

172 2587 205 2629 n.
227 2586 299 2648 ²35·

213 2652 300 2715 321.
326 2652 484 2731 Quaeres
506 2655 620 2712 utrum
647 2669 750 2712 necne
778 2648 878 2711 liceat
901 2649 1048 2712 transire
1075 2654 1260 2731 aCongre·

172 2736 315 2810 gatione
332 2734 489 2814 religiosa
512 2734 554 2794 ad
578 2735 750 2794 Ordinem
774 2751 895 2811 presse
917 2736 1039 2812 talem,
1065 2736 1117 2797 vel
1133 2735 1175 2796 ab
1192 2756 1261 2797 una

172 2819 216 2878 ad
240 2820 389 2877 alteram
413 2819 744 2894 congregationem.

213 2899 254 2958 R.
276 2918 302 2958 1.
321 2899 407 2978 Quia
431 2899 474 2959 ob
497 2901 585 2959 hanc
611 2899 776 2961 rationem
792 2899 926 2960 videtur
942 2898 1080 2961 concedi
1096 2900 1261 2963 transitus

174 2979 215 3038 ad
238 2979 443 3040 strictiorem
465 2981 697 3059 Religionem‚'
713 2981 802 3060 quod
826 2981 876 3042 fas
893 2988 944 3043 est
960 2989 1077 3043 votum
1094 2984 1126 3045 in
1143 2984 1261 3046 melius

173 3079 256 3140 opus
273 3069 484 3136 convertere,
504 3063 668 3140 Religioni
685 3071 797 3124 autem
815 3083 929 3142 presse
945 3064 1065 3141 dictae,
1084 3085 1124 3126 ex
1155 3067 1261 3146 magis

172 3142 368 3204 authentica
393 3140 648 3223 approbatione,
680 3146 839 3224 competit
870 3146 1031 3226 perfectio
1059 3167 1125 3226 qua
1167 3155 1261 3210 caret

173 3223 413 3305 Congregatio,
445 3233 660 3287 autumamus
694 3227 773 3304 huc,
810 3226 872 3288 nisi
907 3229 1043 3290 obstent
1071 3230 1259 3310 privilegia,

171 3308 348 3384 transferri
366 3327 464 3389 posse
488 3327 517 3368 c.
536 3309 644 3369 Licet.

214 3413 243 3453 2.
270 3391 335 3454 Sed
349 3411 389 3452 ne
406 3389 448 3451 ab
462 3411 528 3451 una
545 3391 586 3451 ad
604 3393 744 3452 alteram
768 3390 1074 3471 Congregationem
1090 3400 1258 3470 transeas,

173 3473 346 3536 deficiente
359 3473 448 3536 omni
467 3473 611 3552 positiva
627 3475 708 3553 legis
725 3474 954 3548 concessione,
972 3475 1109 3537 obstare
1128 3475 1261 3540 videtur

168 3557 224 3637 jus
241 3557 428 3637 quaesitum
456 3556 736 3636 Congregationis
759 3558 792 3618 in
816 3575 881 3636 qua
904 3556 978 3637 quis
1001 3565 1052 3619 est
1075 3558 1259 3641 professus,

173 3659 225 3717 ne,
257 3641 328 3702 sine
350 3639 476 3721 proprii
506 3639 652 3701 Praelati
688 3639 908 3720 competentis
931 3660 1084 3720 assensu,
1116 3644 1261 3706 alterum

173 3723 301 3802 ingredi
318 3724 422 3806 possit
446 3721 654 3784 institutum.

214 3806 303 3870 322.
324 3829 350 3868 1.
368 3805 509 3886 Professi
525 3809 712 3866 transeuntes
727 3803 769 3866 ad
786 3804 885 3866 aliam
904 3805 1099 3886 religionem
1118 3829 1124 3868 ε

180 3907 182 3910 ·
212 3891 245 3966 a)
272 3889 408 3950 Manent
426 3889 590 3949 inhabiles
617 3887 658 3949 ad
685 3886 848 3950 beneficia
873 3889 1051 3961 secularia,
1080 3889 1144 3952 etsi
1172 3889 1261 3954 forte

172 3974 348 4131 {papseant
374 3970 415 4032 ad
442 3971 636 4052 religionem
660 3990 727 4032 non
755 3970 961 4051 incapacem.
986 3969 1078 4035 Trid.
1096 3993 1124 4036 s.
1149 3995 1195 4056 14,
1213 3976 1261 4036 Do

204 4071 293 4113 e.c.
315 4073 364 4116 11.

214 4135 247 4212 b)
264 4133 410 4197 Servant
426 4141 544 4197 votum
571 4136 611 4198 de
642 4114 707 4198 non
735 4135 953 4218 procuranda
975 4136 1029 4198 vel
1055 4139 1262 4223 acceptanda

176 4265 510 4274 ---——-...—--—.=

201 4331 208 4366 1
220 4330 282 4395 Quo
290 4328 300 4388 j
305 4342 360 4394 ure,
373 4331 461 4394 stante
472 4328 524 4378 hac
535 4332 603 4391 lege,
616 4332 649 4378 R.
664 4332 697 4380 D.
711 4332 854 4392 Nervegna
865 4329 988 4392 requirat
998 4330 1138 4382 licentiam
1149 4334 1176 4384 S.
1191 4334 1259 4382 Con·

172 4392 344 4450 gregauonis,
358 4400 470 4434 ommno
480 4401 531 4436 uos
544 4388 621 4449 fugit.

199 4449 209 4482 ²
222 4448 252 4495 C.
266 4444 388 4507 Gregorii
402 4459 470 4504 xiii,
484 4463 511 4497 22
523 4454 591 4507 sept.
607 4453 672 4505 1582,
687 4448 744 4495 Cum
755 4447 829 4496 olias.

1339 1748 1473 1808 Prrvnegn

1315 1806 1444 1856 Ordinnm.

1330 2423 1477 2470 Detransiln

1315 2481 1446 2530 Moniolis.

1330 2661 1477 2708 Detransitn

1315 2733 1330 2764 a
1342 2718 1476 2776 Congrege-

1316 2778 1378 2823 tione
1388 2777 1420 2824 od
1431 2779 1475 2826 Or·

1316 2833 1403 2893 dinem,

1346 3402 1387 3449 Aa
1401 3403 1476 3450 aliam

1318 3461 1451 3520 Congrege—

1318 3521 1412 3566 tionem.

1346 3825 1461 3872 Condicio

1317 3888 1439 3930 transeun-

1318 3946 1376 3986 trum

1316 4052 1346 4098 Si
1358 4052 1407 4098 Pro
1419 4051 1474 4096 assi.
