3138 5014
334 448 394 510 320
709 474 776 508 rans
791 473 907 509 ocrnvn.
924 473 1014 508 canuc
1029 473 1059 508 111

375 604 425 667 Fu
437 606 529 670 hctio
556 608 659 675 feriae
687 626 722 677 Vi
752 609 785 672 in
815 611 1016 690 Parascere,
1048 606 1213 672 celebrari
1240 605 1340 670 debet
1368 605 1427 670 ubi

340 688 536 752 celebratur
548 692 675 756 functio
688 693 792 756 feriae
804 710 826 755 v
838 694 871 756 in
885 692 999 755 Coena
1011 692 1157 770 Domini,
1171 697 1272 772 atque
1304 689 1425 752 ibidem

341 771 538 851 erigendum
566 783 617 836 est
643 778 845 858 sepulcrum.
876 775 993 839 Omitti
1019 783 1132 838 tamen
1159 780 1271 857 potest
1296 772 1425 836 functio

340 853 481 918 Sabbati
504 859 625 921 sancti.
655 858 691 922 S.
719 859 760 922 R.
780 859 816 922 C.
835 883 853 939 9
869 860 941 922 dec.
962 864 1052 938 1899.
1069 859 1161 920 Decr.
1175 856 1263 920 anth.
1278 876 1311 918 n.
1329 878 1423 938 4049.

380 937 467 1019 Quid
493 938 576 1002 feria
602 957 624 1002 v
651 941 682 1003 in
712 941 825 1004 Coena
840 941 986 1020 Domini,
1015 942 1114 1004 liceat
1140 937 1365 1021 Regularibus
1381 939 1424 1001 ad

255 1047 256 1052 ¹
337 1021 632 1086 communicandos
648 1044 740 1102 suoS,
758 1025 903 1088 vidimus
921 1045 953 1086 n.
970 1025 1080 1103 466,5.

150 1123 220 1191 nnn
235 1122 279 1169 ni·
375 1103 421 1166 N.
438 1104 479 1166 Β.
497 1105 596 1168 Ritus
612 1107 722 1168 minus
739 1109 908 1171 sollemnis
925 1107 1106 1188 peragendi
1122 1105 1313 1168 functiones
1326 1102 1423 1167 istius

122 1195 191 1249 ’ΨΜ
201 1179 266 1228 acn-
335 1186 423 1246 sacri
437 1187 537 1249 tridui
551 1188 763 1252 aBenedicto
775 1191 1029 1253 x111adornatus
1042 1199 1094 1251 est
1106 1190 1148 1251 ad
1159 1186 1423 1251 usumecclesia-

123 1254 181 1287 nae.
335 1287 410 1330 rum
424 1271 667 1350 parochialium
684 1293 769 1353 quae
785 1274 879 1354 copia
897 1282 1014 1334 carent
1031 1272 1261 1334 ministrorum
1276 1277 1310 1332 et
1327 1268 1422 1332 cleri·

336 1370 464 1414 corum.
479 1353 604 1434 Inlaliis
620 1375 702 1418 vero
718 1357 868 1418 ecclesiis
884 1355 1035 1418 adhiberi
1049 1355 1165 1435 nequit
1178 1354 1249 1417 sine
1261 1353 1423 1416 facultate

335 1435 532 1514 apostolica,
551 1456 636 1517 quae
652 1448 764 1501 tamen
781 1439 908 1520 petenti
922 1457 989 1500 non
1006 1445 1162 1520 negatur.
1182 1437 1252 1501 Cfr.
1267 1436 1302 1499 S.
1321 1437 1361 1500 R.
1380 1434 1419 1497 C.

336 1539 354 1595 9
371 1517 442 1578 dcc.
464 1523 604 1605 1899,'n.
622 1543 715 1603 4049.

142 1610 250 1679 pagata·
379 1601 466 1664 515.
495 1605 546 1663 De
574 1604 846 1666 Praedicatione
874 1606 973 1668 verbi
997 1604 1076 1665 Dei.
1101 1603 1127 1665 I.
1144 1602 1193 1663 De
1215 1597 1422 1682 Regnlnribns

113 1673 260 1775 {fmrl‘
329 1682 569 1773 propriedt'ctis.
601 1707 628 1748 1.
653 1686 759 1748 Notio.
778 1687 989 1750 Praedicatio
1009 1685 1162 1765 designat
1188 1683 1243 1746 hic
1267 1681 1422 1760 publicam

145 1777 280 1870 Q'nteprae·
335 1766 599 1856 annuntiationem
611 1767 694 1830 uerbi
707 1769 779 1846 Dei,
795 1789 894 1846 quam
908 1788 1071 1851 responsa
1084 1769 1211 1830 Sacrae
1228 1765 1419 1846 Congrege-

120 1867 230 1915 arcano?
336 1853 436 1908 tronis
453 1849 534 1910 satis
557 1855 664 1933 ample
688 1852 728 1913 de
744 1853 891 1931 qualibet
908 1853 962 1934 pia
974 1851 1090 1934 ¹populi
1113 1848 1306 1913 hortatione
1325 1848 1421 1914 intel·

336 1929 454 2009 ligunt.
489 1933 563 1995 Non
598 1942 711 1996 tamen
743 1935 952 2015 praedicatio
997 1934 1203 1995 nominanda
1238 1939 1289 1992 est
1328 1952 1422 1996 mera

336 2013 508 2076 doctrinae
536 2017 744 2088 christianae,
764 2019 955 2099 explicati0,
979 2037 1054 2092 nec,
1076 2017 1103 2078 si
1127 2017 1205 2096 quid
1228 2014 1419 2095 opinamur,
1495 2040 1506 2056 ·

253 2144 255 2152 .
336 2095 529 2159 adhortatio
546 2099 636 2162 facta
651 2099 750 2163 alicui
767 2100 933 2178 sodalitio,
952 2120 1027 2161 cum
1045 2119 1110 2160 non
1128 2101 1170 2162 sit
1185 2097 1329 2180 publica.

150 2199 270 2267 Quaenam
376 2200 407 2241 2.
435 2180 533 2270 Quod
558 2183 600 2245 ad
627 2182 874 2264 approbationem
894 2181 1136 2264 praedicatoris:
1167 2185 1199 2259 a)
1227 2182 1265 2243 In
1285 2177 1419 2262 propriis

118 2263 242 2362 rtuuogtp,
267 2312 276 2346 >
334 2260 474 2340 ecclesias,
506 2265 692 2345 Regulares
723 2267 919 2346 praedicare
948 2272 1100 2349 possunt,
1133 2264 1231 2326 modo
1263 2261 1418 2345 petierint

118 2321 189 2376 <ppo
205 2330 219 2363 ‘¹
233 2329 272 2363 ‘⁰'
333 2343 493 2428 Episcopi
511 2348 777 2411 benedictionem
793 2356 826 2411 et
843 2351 870 2411 is
883 2369 950 2410 non
975 2346 1227 2410 contradixerit.
1252 2346 1328 2428 Ipso
1341 2363 1420 2416 con-

334 2428 532 2571 tradgcente,
560 2432 756 2513 praedicare
784 2452 850 2494 non
877 2438 1030 2513 possunt.
1058 2431 1110 2491 De
1132 2427 1319 2507 sanctione,
1358 2427 1420 2494 cfr.

333 2529 367 2571 n.
429 2527 448 2571 o
486 2557 492 2571 .

374 2527 583 2670 lilldialants
599 2594 729 2658 ecclesiis
745 2596 754 2622 ¹
779 2595 877 2658 venia
899 2596 1049 2676 indigent
1065 2593 1232 2677 Episcopi.
1251 2593 1303 2653 Ex
1319 2608 1418 2658 oeca-

333 2673 427 2734 sione
444 2694 509 2754 qua
525 2677 604 2739 data
620 2687 671 2739 est
687 2679 822 2741 licentia
838 2680 892 2741 vel
909 2679 1108 2755 henedicti⁰,
1133 2676 1316 2759 prudenter
1328 2673 1418 2758 judi-

334 2756 477 2818 candum
504 2767 555 2820 est
587 2760 717 2840 quoties
749 2761 833 2823 haec
864 2761 907 2822 sit
934 2761 1142 2838 renovanda,
1175 2757 1232 2820 ubi
1265 2776 1334 2820 non
1367 2764 1419 2820 est

186 2913 188 2920 Ι
334 2857 514 2931 expressus
541 2843 610 2904 dies
635 2843 678 2905 ad
702 2863 800 2924 qoem
828 2844 898 2907 Nisi
923 2844 1066 2926 positive
1092 2842 1171 2905 data
1195 2841 1238 2903 sit
1264 2859 1355 2921 rnqne
1378 2837 1420 2904 ad

243 2927 246 2932 “
332 2927 564 3002 revocationem,
582 2928 635 2988 vel
650 2926 683 2988 in
700 2928 872 2990 definitum
888 2933 1032 3010 tempus,
1050 2926 1126 3000 erit,
1144 2932 1278 2988 mortuo
1301 2941 1419 2989 conce·

332 3003 442 3083 dente,
461 3007 570 3070 denuo
587 3029 607 3070 a
623 3029 819 3072 successore
844 3012 1000 3091 petenda.
1020 3010 1087 3072 Cir.
1106 3009 1193 3086 Piat,
1209 3015 1232 3070 t.
1252 3030 1282 3085 a,
1299 3027 1319 3089 p
1346 3009 1417 3075 266.

372 3087 467 3150 Haec
481 3109 541 3171 pro
555 3111 616 3153 usu
631 3103 767 3175 recepto
783 3100 816 3155 et
827 3092 986 3176 Episcopi
998 3091 1140 3155 arbitrio
1154 3095 1228 3174 plus
1243 3090 1295 3154 vel
1307 3088 1416 3158 miuus

232 3202 236 3208 ·
271 3217 275 3222 .
332 3189 450 3233 severe
466 3174 654 3255 exigentur.

372 3254 425 3317 Ita
441 3276 474 3318 v.
491 3276 542 3335 gr.
564 3259 764 3336 concedunt,
793 3257 855 3322 nisi
882 3258 1070 3340 Episcopus
1093 3256 1191 3319 aliter
1214 3254 1416 3332 decreverit,

332 3356 430 3419 posse
454 3359 474 3400 a
496 3341 642 3402 Rectore
657 3341 830 3404 Ecclesiae
847 3343 1017 3423 praesumi
1041 3343 1174 3402 veniam
1190 3346 1229 3400 ut
1244 3337 1418 3420 permittat

330 3420 473 3563 probum
490 3430 527 3499 et,
539 3424 719 3486 honestum
734 3426 945 3487 sacerdotem
967 3426 1071 3487 semel
1097 3424 1150 3484 vel
1176 3421 1298 3484 iterum
1321 3439 1417 3502 prae-

352 3522 455 3566 reare.

371 3587 495 3649 Rarius
508 3587 578 3669 jam
594 3588 741 3651 solemus
756 3590 931 3653 formalem
945 3595 1060 3672 petere
1076 3585 1357 3671 approbationem
1374 3584 1417 3648 ad

331 3670 605 3750 praedicandum,
639 3675 716 3752 quia
741 3674 942 3756 EpiscopuS,
971 3672 1186 3735 concedendo
1210 3668 1417 3751 jurisdictio-

332 3769 421 3828 nem,
450 3755 647 3835 plerumque
663 3755 761 3818 simul
777 3776 873 3818 sacra
889 3756 1075 3818 ministeria
1090 3752 1285 3835 approbatis
1305 3769 1417 3817 saeer-

334 3832 467 3897 dotibus
484 3836 729 3901 iii-universum
747 3838 922 3921 permittit.
1334 3854 1338 3862 '

150 3949 275 4011 Q„„,„„„
372 3939 402 3995 3.
422 3919 513 4000 Qrtod
528 3919 570 3981 ad
586 3920 740 3982 conciones
755 3920 947 4005 regntarinm
961 3920 994 3984 in
1010 3919 1204 3983 ntrivmsnm:

117 4011 153 4066 trs
172 4011 262 4056 concn-
370 4003 401 4078 a)
429 4002 605 4065 Prohiberi
633 4017 804 4083 nequeunt
831 4005 910 4085 quin
935 4005 967 4066 in
993 4005 1063 4066 suis
1087 4000 1238 4064 ecclesiis
1269 3999 1418 4072 habeant

84 4173 86 4178 Α
115 4066 275 4176 ξξζιῇῗξῆξξξᾏ
321 4084 521 4164 -concioneS,
540 4085 603 4147 nisi
619 4105 658 4148 ea
681 4089 765 4150 hora
787 4107 854 4168 qua
869 4088 1009 4170 ipsemet
1026 4087 1195 4168 Eptscopus
1219 4086 1299 4162 (non
1319 4102 1417 4164 paro·

358 4346 366 4380 1
378 4347 415 4393 Ut
425 4344 585 4404 praedicent
597 4344 624 4392 in
634 4343 833 4404 pullitisplnteis,
842 4345 1011 4388 nonconstat
1020 4340 1123 4401 requiri
1131 4339 1276 4400 positivam
1285 4335 1417 4403 Episcopi

329 4402 495 4450 facultatem.
515 4403 570 4462 Ipsi
587 4407 678 4450 tamen
694 4402 722 4449 id
742 4399 844 4448 vetanti
856 4398 908 4447 erit
923 4397 1179 4459 obtemperandum.
1202 4397 1257 4447 Cfr.
1271 4401 1419 4456 scriptores

328 4463 424 4509 allatos
436 4475 452 4508 a
465 4460 537 4518 Piat,
549 4475 578 4517 11,
591 4475 618 4519 p.
632 4469 682 4517 eoo,
696 4474 721 4519 q.
736 4476 771 4506 ιο.
