3148 5004
112 1184 275 1234 Ancocandns

109 1247 235 1304 parochus.

129 2833 270 2880 Sanctiones

110 2892 181 2936 istius
208 2890 268 2938 aiti-

107 2951 226 3006 gationis.

138 3431 175 3477 De
202 3434 267 3479 orbi·

110 3495 174 3534 irritu
196 3489 267 3548 Epis-

109 3549 160 3606 copi
182 3562 268 3606 negan-

111 3607 151 3661 iis,

124 3762 269 3821 Apponeniis

107 3821 265 3868 condiciones.

327 421 373 490 Εἶθ’
701 447 769 485 eiius
783 449 896 485 crusii.
912 449 1004 485 curun
1018 450 1039 484 11

368 586 401 664 b)
425 585 461 650 Si
488 583 569 649 nulli
592 582 717 648 fuerint
742 585 900 668 religiosi,
929 607 970 650 ex
1000 586 1089 650 dicta
1112 587 1151 652 C.
1177 589 1332 672 Gregorii
1354 605 1412 669 xv,

326 668 511 734 audiendus
523 674 574 731 est
590 669 660 750 ipse
678 670 831 751 populuS,
849 671 969 734 saltem
985 671 1012 733 si
1028 671 1071 732 ab
1093 669 1212 734 incolis
1233 673 1296 735 loci
1320 673 1412 735 alen·

327 752 388 818 dus
404 753 505 816 fuerit
521 771 630 815 novus
646 761 846 817 conventus.

368 837 560 900 Secundum
576 834 684 911 Santi,
701 835 723 897 1.
742 855 772 913 3,
789 842 814 897 t.
832 841 883 915 36.
907 856 942 898 n.
959 841 989 914 6,
1013 856 1073 919 per
1092 837 1239 900 edictum
1262 837 1296 901 in
1322 837 1413 900 hunc

326 919 426 984 finem
451 919 494 982 ad
520 919 638 980 valvas
665 917 839 980 Ecclesiae
864 919 1001 981 affixum
1031 940 1109 1000 quo,
1127 919 1248 983 notitia
1271 921 1351 983 data
1374 921 1414 983 de

325 1003 439 1064 futura
450 999 632 1079 erectione,
650 1000 889 1082 permittantur
913 1003 1040 1066 moveri
1061 1006 1232 1084 querelae,
1256 1003 1414 1067 satisfieri

326 1086 461 1148 solitum
477 1092 529 1147 est
545 1085 678 1164 utrique
694 1083 876 1146 conditioni
892 1084 955 1145 sub
970 1087 1003 1162 a)
1020 1091 1054 1147 et
1069 1086 1103 1165 b)
1116 1086 1296 1149 indicatae.

370 1169 457 1232 105.
473 1168 548 1229 Non
566 1173 700 1228 constat
716 1187 753 1227 en
765 1165 839 1246 jnrn
856 1166 1044 1230 vocandum
1061 1188 1135 1232 esse
1145 1169 1318 1248 pavoninum
1333 1167 1356 1231 ².
1372 1168 1409 1231 Id

326 1258 439 1312 tamen
466 1251 591 1313 acriter
620 1247 824 1330 disputatur,
857 1269 933 1311 cum
960 1250 1015 1312 alii
1038 1271 1114 1314 eum
1141 1253 1410 1314 demonstratum

325 1333 430 1395 velint
454 1332 565 1394 verbis
582 1331 840 1394 Constitutionis
864 1351 950 1411 quae
968 1333 1089 1414 jubent
1111 1341 1148 1396 ut
1168 1342 1334 1396 vocentur
1355 1333 1416 1394 aiii

325 1414 464 1478 indentes
479 1415 630 1493 interesse,
649 1414 704 1476 alii
720 1421 852 1477 contra.
877 1415 943 1478 Sed
959 1417 1113 1496 quaestio
1133 1416 1267 1479 videtur
1289 1435 1410 1497 parum

326 1499 493 1581 pertinere
522 1499 565 1560 ad
592 1518 712 1560 usum:
741 1517 896 1578 namque,
914 1499 941 1560 si
968 1497 1137 1581 Episcopo
1166 1500 1248 1560 satis
1277 1502 1408 1558 constet

326 1584 452 1644 nullum
468 1581 540 1643 fore
555 1579 617 1661 ipsi
641 1580 890 1656 detrimentum,
916 1603 982 1645 non
999 1582 1106 1662 magis
1122 1601 1220 1663 quam
1236 1581 1409 1659 regulares

326 1666 516 1746 superiores
540 1665 604 1725 erit
626 1663 796 1744 parochus
825 1665 1015 1742 vocandus;
1041 1667 1092 1728 sin
1120 1667 1241 1742 minus,
1265 1663 1338 1746 ipsa
1362 1661 1411 1724 rei

327 1746 527 1808 necessitate
567 1748 786 1828 compelletur
828 1747 1017 1831 Episcopus
1054 1749 1097 1810 ad
1133 1747 1420 1828 interrogandum

325 1829 525 1910 parochum.
717 1841 724 1851 '

366 1912 517 1994 Quaeres
533 1911 573 1972 de
593 1911 658 1992 ipso
674 1911 855 1972 detrimento
871 1913 1021 1994 parochi,
1046 1913 1086 1974 de
1107 1931 1173 1991 quo
1190 1910 1412 1974 diversimode

325 1994 486 2057 sentiunt.
517 1993 676 2056 Severius
699 1995 749 2056 Ill.
781 1995 824 2056 D.
864 1994 1012 2057 Aichner
1041 1994 1143 2075 exigit
1173 1995 1355 2057 laesionem
1379 1993 1412 2054 in

321 2077 454 2160 juribus
477 2095 591 2158 presse
613 2077 878 2158 parochialibus,
903 2098 1002 2158 quam
1018 2077 1075 2140 vix
1092 2097 1252 2158 umquam
1264 2077 1408 2158 patietur

325 2181 366 2224 ex
388 2159 558 2223 erectione
580 2170 780 2223 conventus.
796 2160 880 2243 Jura
896 2161 983 2223 enim
1011 2163 1075 2222 ista
1098 2161 1164 2222 huc
1180 2168 1345 2241 spectant,
1371 2168 1408 2219 ut

326 2243 493 2324 parochus
506 2253 619 2305 servet
632 2244 915 2325 dispensationem
924 2244 1050 2322 viatici,
1061 2250 1232 2305 extremae
1243 2241 1409 2305 unctionis

325 2334 359 2388 et
380 2327 445 2388 alia
472 2326 675 2406 hujusmodi,
701 2327 820 2407 quibus
847 2328 1013 2406 quomodo
1036 2347 1076 2389 ex
1099 2346 1189 2387 novo
1205 2323 1412 2387 monasterio

325 2409 495 2490 injiciatur
508 2410 692 2489 periculum
709 2429 775 2470 non
788 2417 941 2490 apparet.
955 2411 1081 2493 Quare,
1099 2417 1217 2471 nostra
1230 2406 1411 2484 sententia,

325 2493 390 2554 hoc
413 2510 531 2552 rursus
547 2489 610 2552 erit
634 2492 914 2553 considerandum
936 2493 1187 2568 detrimentum,
1217 2492 1244 2554 si
1260 2489 1409 2572 parocho

324 2576 379 2636 vel
395 2573 557 2636 ecclesiae
572 2573 758 2654 parochiali
776 2572 922 2636 defuturi
935 2577 1002 2638 sint
1018 2575 1222 2639 sufficientes
1245 2569 1405 2636 redditus.
1558 2615 1559 2640 2

325 2657 463 2719 Minoris
476 2655 564 2717 enim
581 2654 789 2734 frequentiae
805 2657 916 2738 populi
934 2659 965 2719 in
979 2659 1122 2721 ecclesia
1139 2676 1203 2719 non
1216 2664 1268 2718 est
1280 2651 1409 2715 haben·
1468 2689 1470 2693 -

325 2741 367 2801 da
389 2740 490 2802 ratio.
506 2739 557 2799 De
573 2738 638 2800 hoc
655 2749 867 2818 argumento
882 2739 944 2803 cir.
959 2741 1079 2818 Bouix,
1095 2761 1150 2822 op.
1166 2760 1195 2802 c.
1209 2759 1241 2821 p.
1259 2743 1317 2816 285
1332 2755 1407 2816 sqq.
1558 2739 1559 2772 ³

370 2824 452 2887 106.
469 2845 496 2884 1.
511 2823 678 2883 Assensus
689 2821 846 2904 Episcopi
860 2824 1042 2902 requiritur
1054 2825 1116 2886 sub
1127 2826 1227 2903 poena
1241 2818 1408 2897 nniiiintis,

325 2903 372 2965 ita
397 2911 434 2965 ut
465 2905 556 2964 nullo
586 2903 720 2966 fruatur
745 2906 941 2968 monasterii
969 2907 1047 2989 jure
1077 2907 1196 2968 domus
1223 2924 1310 2986 quae
1340 2902 1411 2964 sine

325 2987 428 3069 ipsius
444 3005 584 3048 assensu
601 2986 701 3049 fuerit
718 2994 844 3050 erecta.

365 3091 396 3132 a.
425 3069 636 3150 Superiores,
665 3080 785 3132 contra
819 3076 1039 3148 attentantes,
1077 3072 1273 3152 plectuntur
1306 3073 1405 3149 poeno

324 3151 523 3234 privationis
536 3151 629 3231 vocis
645 3153 777 3214 activae
800 3160 833 3214 et
850 3153 1004 3234 passivae
1021 3172 1150 3216 necnon
1167 3152 1354 3216 officiorum
1378 3158 1412 3212 et

324 3235 543 3299 inhabilitatis
570 3236 611 3296 ad
639 3235 693 3298 illa
719 3235 751 3298 in
781 3236 932 3298 futurum
959 3237 1153 3298 obtinenda.
1185 3233 1315 3300 Urbani
1336 3249 1409 3296 vui.

324 3318 362 3382 C.
379 3321 538 3382 Rornonns
554 3317 701 3400 Pontifex
719 3319 828 3401 1624§
844 3341 874 3399 3.
1345 3345 1368 3407 Α,

359 3404 453 3467 107.
487 3424 515 3464 1.
545 3402 695 3462 Assensns
724 3401 832 3484 negari
861 3402 976 3482 nequit
1004 3401 1069 3462 sine
1092 3399 1181 3481 justa
1212 3420 1331 3462 consa:
1361 3405 1409 3459 ita

322 3487 477 3566 plerique,
487 3485 511 3546 ².
528 3484 648 3563 Agitur
674 3485 762 3546 enim
785 3485 824 3546 de
840 3484 1097 3567 amplificatione
1113 3483 1262 3546 Instituti
1277 3481 1342 3560 cui,
1369 3500 1411 3543 ex

323 3568 395 3648 ipsa
406 3565 577 3648 pontificia
592 3567 846 3648 approbatione,
872 3567 1007 3649 prodest
1028 3567 1195 3646 quoddam
1207 3565 1263 3647 jus
1280 3565 1409 3646 quaesi·

323 3660 395 3711 tum
411 3647 591 3710 exsistendi
604 3648 637 3709 in
648 3649 813 3713 Ecclesia.
832 3649 903 3713 Clr.
916 3649 1026 3712 Bouix
1037 3667 1060 3728 1,
1075 3669 1107 3732 p.
1125 3652 1275 3730 aba-264·

363 3754 394 3795 2.
412 3729 612 3793 Condiciones
627 3734 772 3811 apponere
789 3733 892 3794 pertine
913 3732 1013 3802 dntne,
1034 3732 1170 3795 modum
1195 3731 1351 3811 aliquem,
1369 3746 1410 3790 ne

323 3835 356 3878 v.
384 3833 436 3894 gr.
456 3813 610 3895 aperiant
637 3816 824 3877 oratorium
851 3815 1032 3896 publicum,
1054 3817 1183 3896 justam
1207 3814 1250 3875 ob
1273 3831 1411 3874 causam

323 3896 512 3979 praefinire,
530 3894 663 3956 videtur
689 3897 723 3958 in
745 3905 912 3978 potestate
928 3918 1002 3961 esse
1026 3899 1195 3981 Episcopi.
1213 3896 1278 3979 Qui
1302 3901 1413 3977 potest

323 3981 397 4061 plus
413 3985 524 4059 potest
540 3977 662 4041 miuus.

353 4179 360 4213 ¹
372 4177 460 4224 Immo
467 4174 658 4240 'necessitatem
670 4173 760 4233 ipsum
769 4171 899 4221 audiendi
911 4172 1075 4232 simpliciter
1086 4179 1170 4235 negat
1179 4173 1221 4220 Ill.
1237 4173 1271 4220 D.
1282 4170 1413 4228 Aichner,

324 4233 786 4354 czmeedlddgrlir,singnpllgldenstuel,
798 4290 814 4336 l.
826 4297 847 4344 s,
858 4294 877 4336 t.
887 4296 925 4345 48,
937 4301 963 4334 n.
976 4295 1013 4346 45.
1025 4295 1061 4340 50,
1073 4290 1177 4344 volunt,
1189 4287 1247 4336 sine
1256 4286 1327 4336 seria
1339 4283 1410 4334 utili·

324 4357 380 4400 tate
391 4363 444 4396 non
452 4362 514 4413 ,esse-
529 4347 706 4412 aperiendum
716 4361 824 4410 ‘novum
841 4352 1044 4410 monasterium.
1070 4348 1146 4395 Haec
1162 4356 1255 4394 autem
1271 4343 1409 4406 quomodo

324 4407 538 4525 Zpgsrqqqqprlqrpp,
551 4419 573 4452 si
590 4404 654 4452 hinc
665 4404 733 4452 nihil
744 4403 843 4461 obstat,
861 4405 937 4452 illinc
955 4418 1019 4452 vero
1037 4407 1198 4452 Institutum
1215 4413 1255 4452 est
1270 4417 1287 4451 a
1299 4403 1325 4452 S.
1339 4401 1409 4450 Sede
