<?xml version="1.0" encoding="UTF-8"?>
<!DOCTYPE html PUBLIC "-//W3C//DTD XHTML 1.0 Transitional//EN"
    "http://www.w3.org/TR/xhtml1/DTD/xhtml1-transitional.dtd">
<html xmlns="http://www.w3.org/1999/xhtml" xml:lang="en" lang="en">
 <head>
  <title>
</title>
<meta http-equiv="Content-Type" content="text/html;charset=utf-8" />
  <meta name='ocr-system' content='tesseract 3.04.00' />
  <meta name='ocr-capabilities' content='ocr_page ocr_carea ocr_par ocr_line ocrx_word'/>
</head>
<body>
  <div class='ocr_page' id='page_1' title='image "./dereligiosisins00vermgoog_0173.png"; bbox 0 0 3148 5004; ppageno 0'>
   <div class='ocr_carea' id='block_1_1' title="bbox 300 226 1103 296">
    <p class='ocr_par' dir='ltr' id='par_1_1' title="bbox 300 226 1103 296">
     <span class='ocr_line' id='line_1_1' title="bbox 300 226 1103 296; baseline -0.014 -6"><span class='ocrx_word' id='word_1_1' title='bbox 300 226 360 290; x_wconf 84' lang='lat' dir='ltr'>i38</span> <span class='ocrx_word' id='word_1_2' title='bbox 520 275 524 284; x_wconf 74' lang='grc'>,</span> <span class='ocrx_word' id='word_1_3' title='bbox 588 249 655 283; x_wconf 78' lang='lat' dir='ltr'>raas</span> <span class='ocrx_word' id='word_1_4' title='bbox 671 247 791 296; x_wconf 66' lang='lat' dir='ltr'>quatern.</span> <span class='ocrx_word' id='word_1_5' title='bbox 809 246 904 282; x_wconf 73' lang='lat' dir='ltr'>suerro</span> <span class='ocrx_word' id='word_1_6' title='bbox 919 246 960 281; x_wconf 89' lang='lat' dir='ltr'>ur.</span> <span class='ocrx_word' id='word_1_7' title='bbox 977 245 1068 280; x_wconf 75' lang='lat' dir='ltr'>canus</span> <span class='ocrx_word' id='word_1_8' title='bbox 1083 246 1103 281; x_wconf 90' lang='lat'>11</span> 
     </span>
    </p>
   </div>
   <div class='ocr_carea' id='block_1_2' title="bbox 300 379 1396 1294">
    <p class='ocr_par' dir='ltr' id='par_1_2' title="bbox 300 379 1394 624">
     <span class='ocr_line' id='line_1_2' title="bbox 335 379 1392 456; baseline 0.003 -18"><span class='ocrx_word' id='word_1_9' title='bbox 335 400 362 456; x_wconf 88' lang='lat'>3.</span> <span class='ocrx_word' id='word_1_10' title='bbox 374 381 461 438; x_wconf 90' lang='lat' dir='ltr'>Actio</span> <span class='ocrx_word' id='word_1_11' title='bbox 475 390 625 455; x_wconf 87' lang='lat' dir='ltr'>praeterea</span> <span class='ocrx_word' id='word_1_12' title='bbox 635 398 713 454; x_wconf 93' lang='lat' dir='ltr'>quae</span> <span class='ocrx_word' id='word_1_13' title='bbox 726 399 762 438; x_wconf 86' lang='lat' dir='ltr'>ex</span> <span class='ocrx_word' id='word_1_14' title='bbox 775 381 878 454; x_wconf 88' lang='lat' dir='ltr'>regula</span> <span class='ocrx_word' id='word_1_15' title='bbox 893 379 1102 453; x_wconf 85' lang='lat' dir='ltr'>praescribitur</span> <span class='ocrx_word' id='word_1_16' title='bbox 1114 387 1211 452; x_wconf 92' lang='lat' dir='ltr'>potest</span> <span class='ocrx_word' id='word_1_17' title='bbox 1224 397 1242 436; x_wconf 97' lang='lat' dir='ltr'>a</span> <span class='ocrx_word' id='word_1_18' title='bbox 1257 381 1392 453; x_wconf 87' lang='lat' dir='ltr'>praelato</span> 
     </span>
     <span class='ocr_line' id='line_1_3' title="bbox 300 457 1394 544; baseline -0.001 -21"><span class='ocrx_word' id='word_1_19' title='bbox 300 467 428 540; x_wconf 87' lang='lat' dir='ltr'>praecipi</span> <span class='ocrx_word' id='word_1_20' title='bbox 439 468 494 523; x_wconf 92' lang='lat' dir='ltr'>sub</span> <span class='ocrx_word' id='word_1_21' title='bbox 505 477 637 539; x_wconf 87' lang='lat' dir='ltr'>peccato,</span> <span class='ocrx_word' id='word_1_22' title='bbox 653 467 740 522; x_wconf 89' lang='lat' dir='ltr'>itaut</span> <span class='ocrx_word' id='word_1_23' title='bbox 754 483 805 538; x_wconf 91' lang='lat' dir='ltr'>per</span> <span class='ocrx_word' id='word_1_24' title='bbox 820 457 954 538; x_wconf 88' lang='lat' dir='ltr'>regulam</span> <span class='ocrx_word' id='word_1_25' title='bbox 971 463 1062 520; x_wconf 87' lang='lat' dir='ltr'>veluti</span> <span class='ocrx_word' id='word_1_26' title='bbox 1079 464 1231 521; x_wconf 84' lang='lat' dir='ltr'>inchoatio</span> <span class='ocrx_word' id='word_1_27' title='bbox 1244 466 1394 544; x_wconf 78' lang='lat' dir='ltr'>quaedam</span> 
     </span>
     <span class='ocr_line' id='line_1_4' title="bbox 302 550 887 624; baseline -0.005 -15"><span class='ocrx_word' id='word_1_28' title='bbox 302 552 448 609; x_wconf 82' lang='lat' dir='ltr'>habeatur</span> <span class='ocrx_word' id='word_1_29' title='bbox 460 550 608 624; x_wconf 86' lang='lat' dir='ltr'>praecepti</span> <span class='ocrx_word' id='word_1_30' title='bbox 621 551 750 608; x_wconf 78' lang='lat' dir='ltr'>strictius</span> <span class='ocrx_word' id='word_1_31' title='bbox 764 550 887 622; x_wconf 90' lang='lat' dir='ltr'>accepti.</span> 
     </span>
    </p>

    <p class='ocr_par' dir='ltr' id='par_1_3' title="bbox 301 630 1396 1110">
     <span class='ocr_line' id='line_1_5' title="bbox 335 630 1396 707; baseline 0.002 -19"><span class='ocrx_word' id='word_1_32' title='bbox 335 651 363 707; x_wconf 90' lang='lat'>4.</span> <span class='ocrx_word' id='word_1_33' title='bbox 386 633 464 691; x_wconf 83' lang='lat' dir='ltr'>Cum</span> <span class='ocrx_word' id='word_1_34' title='bbox 487 634 604 690; x_wconf 90' lang='lat' dir='ltr'>actione</span> <span class='ocrx_word' id='word_1_35' title='bbox 628 634 685 690; x_wconf 89' lang='lat' dir='ltr'>ista</span> <span class='ocrx_word' id='word_1_36' title='bbox 709 633 895 689; x_wconf 84' lang='lat' dir='ltr'>connectitur</span> <span class='ocrx_word' id='word_1_37' title='bbox 917 630 1070 703; x_wconf 75' lang='lat' dir='ltr'>gratiane</span> <span class='ocrx_word' id='word_1_38' title='bbox 1093 630 1246 702; x_wconf 89' lang='lat' dir='ltr'>meritum,</span> <span class='ocrx_word' id='word_1_39' title='bbox 1273 651 1335 689; x_wconf 90' lang='lat' dir='ltr'>non</span> <span class='ocrx_word' id='word_1_40' title='bbox 1360 651 1396 690; x_wconf 92' lang='lat' dir='ltr'>eo</span> 
     </span>
     <span class='ocr_line' id='line_1_6' title="bbox 301 715 1394 789; baseline -0.001 -15"><span class='ocrx_word' id='word_1_41' title='bbox 301 725 419 774; x_wconf 89' lang='lat' dir='ltr'>tantum</span> <span class='ocrx_word' id='word_1_42' title='bbox 433 718 513 789; x_wconf 89' lang='lat' dir='ltr'>quod</span> <span class='ocrx_word' id='word_1_43' title='bbox 524 717 630 774; x_wconf 90' lang='lat' dir='ltr'>melior</span> <span class='ocrx_word' id='word_1_44' title='bbox 644 717 779 774; x_wconf 88' lang='lat' dir='ltr'>videatur</span> <span class='ocrx_word' id='word_1_45' title='bbox 789 716 906 772; x_wconf 89' lang='lat' dir='ltr'>actione</span> <span class='ocrx_word' id='word_1_46' title='bbox 919 715 1065 788; x_wconf 90' lang='lat' dir='ltr'>opposita,</span> <span class='ocrx_word' id='word_1_47' title='bbox 1077 715 1123 770; x_wconf 93' lang='lat' dir='ltr'>vel</span> <span class='ocrx_word' id='word_1_48' title='bbox 1138 716 1218 788; x_wconf 91' lang='lat' dir='ltr'>quod</span> <span class='ocrx_word' id='word_1_49' title='bbox 1232 716 1394 773; x_wconf 88' lang='lat' dir='ltr'>honesturn</span> 
     </span>
     <span class='ocr_line' id='line_1_7' title="bbox 301 798 1396 873; baseline 0 -16"><span class='ocrx_word' id='word_1_50' title='bbox 301 801 339 857; x_wconf 91' lang='lat' dir='ltr'>sit</span> <span class='ocrx_word' id='word_1_51' title='bbox 358 818 474 858; x_wconf 87' lang='lat' dir='ltr'>morem</span> <span class='ocrx_word' id='word_1_52' title='bbox 494 817 595 872; x_wconf 83' lang='lat' dir='ltr'>gerere</span> <span class='ocrx_word' id='word_1_53' title='bbox 613 800 811 873; x_wconf 88' lang='lat' dir='ltr'>prudentioris</span> <span class='ocrx_word' id='word_1_54' title='bbox 829 798 964 868; x_wconf 89' lang='lat' dir='ltr'>consilio,</span> <span class='ocrx_word' id='word_1_55' title='bbox 986 799 1038 855; x_wconf 91' lang='lat' dir='ltr'>sed</span> <span class='ocrx_word' id='word_1_56' title='bbox 1057 798 1147 854; x_wconf 92' lang='lat' dir='ltr'>etiam</span> <span class='ocrx_word' id='word_1_57' title='bbox 1172 817 1208 855; x_wconf 93' lang='lat' dir='ltr'>eo</span> <span class='ocrx_word' id='word_1_58' title='bbox 1227 801 1307 873; x_wconf 91' lang='lat' dir='ltr'>quod</span> <span class='ocrx_word' id='word_1_59' title='bbox 1321 810 1396 857; x_wconf 88' lang='lat' dir='ltr'>esta</span> 
     </span>
     <span class='ocr_line' id='line_1_8' title="bbox 301 883 1395 958; baseline -0.002 -14"><span class='ocrx_word' id='word_1_60' title='bbox 301 885 438 958; x_wconf 88' lang='lat' dir='ltr'>legitima</span> <span class='ocrx_word' id='word_1_61' title='bbox 452 895 598 958; x_wconf 86' lang='lat' dir='ltr'>potestate</span> <span class='ocrx_word' id='word_1_62' title='bbox 618 885 774 957; x_wconf 89' lang='lat' dir='ltr'>imperata.</span> <span class='ocrx_word' id='word_1_63' title='bbox 792 883 879 940; x_wconf 92' lang='lat' dir='ltr'>Hanc</span> <span class='ocrx_word' id='word_1_64' title='bbox 892 884 943 956; x_wconf 90' lang='lat' dir='ltr'>qui</span> <span class='ocrx_word' id='word_1_65' title='bbox 964 883 1181 956; x_wconf 84' lang='lat' dir='ltr'>praetermittit,</span> <span class='ocrx_word' id='word_1_66' title='bbox 1197 883 1395 958; x_wconf 84' lang='lat' dir='ltr'>imperiectio-</span> 
     </span>
     <span class='ocr_line' id='line_1_9' title="bbox 303 967 1396 1040; baseline 0 -15"><span class='ocrx_word' id='word_1_67' title='bbox 303 986 374 1026; x_wconf 88' lang='lat' dir='ltr'>nem</span> <span class='ocrx_word' id='word_1_68' title='bbox 394 969 556 1024; x_wconf 87' lang='lat' dir='ltr'>committit</span> <span class='ocrx_word' id='word_1_69' title='bbox 574 968 745 1040; x_wconf 87' lang='lat' dir='ltr'>positivam,</span> <span class='ocrx_word' id='word_1_70' title='bbox 765 979 913 1040; x_wconf 88' lang='lat' dir='ltr'>quatenus</span> <span class='ocrx_word' id='word_1_71' title='bbox 932 976 1012 1022; x_wconf 90' lang='lat' dir='ltr'>caret</span> <span class='ocrx_word' id='word_1_72' title='bbox 1030 967 1125 1040; x_wconf 86' lang='lat' dir='ltr'>gratia</span> <span class='ocrx_word' id='word_1_73' title='bbox 1145 984 1205 1038; x_wconf 92' lang='lat' dir='ltr'>qua</span> <span class='ocrx_word' id='word_1_74' title='bbox 1224 985 1260 1023; x_wconf 90' lang='lat' dir='ltr'>ex</span> <span class='ocrx_word' id='word_1_75' title='bbox 1275 969 1396 1040; x_wconf 90' lang='lat' dir='ltr'>speciali</span> 
     </span>
     <span class='ocr_line' id='line_1_10' title="bbox 303 1051 750 1110; baseline -0.007 -1"><span class='ocrx_word' id='word_1_76' title='bbox 303 1051 361 1110; x_wconf 92' lang='lat' dir='ltr'>Dei</span> <span class='ocrx_word' id='word_1_77' title='bbox 372 1052 496 1109; x_wconf 89' lang='lat' dir='ltr'>consilio</span> <span class='ocrx_word' id='word_1_78' title='bbox 510 1061 572 1108; x_wconf 88' lang='lat' dir='ltr'>erat</span> <span class='ocrx_word' id='word_1_79' title='bbox 587 1051 750 1107; x_wconf 88' lang='lat' dir='ltr'>ornandus.</span> 
     </span>
    </p>

    <p class='ocr_par' dir='ltr' id='par_1_4' title="bbox 305 1133 1396 1294">
     <span class='ocr_line' id='line_1_11' title="bbox 340 1133 1396 1210; baseline 0.002 -20"><span class='ocrx_word' id='word_1_80' title='bbox 340 1133 440 1210; x_wconf 81' lang='lat' dir='ltr'>Quare</span> <span class='ocrx_word' id='word_1_81' title='bbox 463 1135 554 1191; x_wconf 89' lang='lat' dir='ltr'>etiam</span> <span class='ocrx_word' id='word_1_82' title='bbox 580 1135 611 1191; x_wconf 92' lang='lat' dir='ltr'>in</span> <span class='ocrx_word' id='word_1_83' title='bbox 634 1134 809 1210; x_wconf 89' lang='lat' dir='ltr'>hujusmodi</span> <span class='ocrx_word' id='word_1_84' title='bbox 824 1134 933 1206; x_wconf 83' lang='lat' dir='ltr'>regulis</span> <span class='ocrx_word' id='word_1_85' title='bbox 954 1134 1096 1206; x_wconf 86' lang='lat' dir='ltr'>distingui</span> <span class='ocrx_word' id='word_1_86' title='bbox 1109 1143 1235 1207; x_wconf 89' lang='lat' dir='ltr'>possunt</span> <span class='ocrx_word' id='word_1_87' title='bbox 1259 1152 1295 1192; x_wconf 88' lang='lat' dir='ltr'>ea</span> <span class='ocrx_word' id='word_1_88' title='bbox 1319 1153 1396 1209; x_wconf 91' lang='lat' dir='ltr'>quae</span> 
     </span>
     <span class='ocr_line' id='line_1_12' title="bbox 305 1218 1091 1294; baseline -0.003 -17"><span class='ocrx_word' id='word_1_89' title='bbox 305 1219 546 1294; x_wconf 88' lang='lat' dir='ltr'>praescribuntur</span> <span class='ocrx_word' id='word_1_90' title='bbox 559 1229 588 1276; x_wconf 94' lang='lat' dir='ltr'>et</span> <span class='ocrx_word' id='word_1_91' title='bbox 601 1218 726 1276; x_wconf 89' lang='lat' dir='ltr'>consilia</span> <span class='ocrx_word' id='word_1_92' title='bbox 740 1235 810 1274; x_wconf 89' lang='lat' dir='ltr'>cum</span> <span class='ocrx_word' id='word_1_93' title='bbox 824 1218 1091 1276; x_wconf 88' lang='lat' dir='ltr'>adhortationibus.</span> 
     </span>
    </p>
   </div>
   <div class='ocr_carea' id='block_1_3' title="bbox 227 1395 1425 1514">
    <p class='ocr_par' dir='ltr' id='par_1_5' title="bbox 227 1365 1425 1514">
     <span class='ocr_line' id='line_1_13' title="bbox 227 1395 1425 1514; baseline -0.003 -32"><span class='ocrx_word' id='word_1_94' title='bbox 227 1407 231 1412; x_wconf 80' lang='grc'><em>“</em></span> <span class='ocrx_word' id='word_1_95' title='bbox 307 1411 323 1500; x_wconf 66' lang='lat' dir='ltr'>l</span> <span class='ocrx_word' id='word_1_96' title='bbox 350 1426 389 1482; x_wconf 90' lang='lat'>2.</span> <span class='ocrx_word' id='word_1_97' title='bbox 417 1402 487 1482; x_wconf 82' lang='lat' dir='ltr'>De</span> <span class='ocrx_word' id='word_1_98' title='bbox 509 1399 773 1508; x_wconf 57' lang='lat' dir='ltr'>Obligalione</span> <span class='ocrx_word' id='word_1_99' title='bbox 796 1427 905 1508; x_wconf 80' lang='lat' dir='ltr'>qnae</span> <span class='ocrx_word' id='word_1_100' title='bbox 914 1404 1000 1508; x_wconf 69' lang='lat' dir='ltr'>pen</span> <span class='ocrx_word' id='word_1_101' title='bbox 1018 1401 1211 1483; x_wconf 75' lang='lat' dir='ltr'>accidens</span> <span class='ocrx_word' id='word_1_102' title='bbox 1233 1395 1397 1481; x_wconf 79' lang='lat' dir='ltr'>accedil</span> <span class='ocrx_word' id='word_1_103' title='bbox 1422 1509 1425 1514; x_wconf 83' lang='lat'>.</span> 
     </span>
    </p>
   </div>
   <div class='ocr_carea' id='block_1_4' title="bbox 96 1607 256 1830">
    <p class='ocr_par' dir='ltr' id='par_1_6' title="bbox 96 1607 256 1830">
     <span class='ocr_line' id='line_1_14' title="bbox 103 1607 253 1656; baseline -0.013 0"><span class='ocrx_word' id='word_1_104' title='bbox 103 1610 140 1656; x_wconf 76' lang='lat' dir='ltr'>Do</span> <span class='ocrx_word' id='word_1_105' title='bbox 149 1607 253 1656; x_wconf 79' lang='lat' dir='ltr'>acciden-</span> 
     </span>
     <span class='ocr_line' id='line_1_15' title="bbox 96 1667 254 1725; baseline -0.013 -11"><span class='ocrx_word' id='word_1_106' title='bbox 96 1667 142 1714; x_wconf 77' lang='lat' dir='ltr'>tali</span> <span class='ocrx_word' id='word_1_107' title='bbox 166 1667 254 1725; x_wconf 79' lang='lat' dir='ltr'>obliga--</span> 
     </span>
     <span class='ocr_line' id='line_1_16' title="bbox 100 1723 256 1772; baseline 0.013 -2"><span class='ocrx_word' id='word_1_108' title='bbox 100 1727 162 1771; x_wconf 80' lang='lat' dir='ltr'>tione</span> <span class='ocrx_word' id='word_1_109' title='bbox 180 1723 256 1772; x_wconf 76' lang='lat' dir='ltr'>sutdi-</span> 
     </span>
     <span class='ocr_line' id='line_1_17' title="bbox 100 1789 183 1830; baseline 0.024 -2"><span class='ocrx_word' id='word_1_110' title='bbox 100 1789 183 1830; x_wconf 83' lang='lat' dir='ltr'>lorum.</span> 
     </span>
    </p>
   </div>
   <div class='ocr_carea' id='block_1_5' title="bbox 99 2423 259 2589">
    <p class='ocr_par' dir='ltr' id='par_1_7' title="bbox 99 2423 259 2589">
     <span class='ocr_line' id='line_1_18' title="bbox 128 2423 257 2484; baseline -0.016 -12"><span class='ocrx_word' id='word_1_111' title='bbox 128 2425 164 2474; x_wconf 77' lang='lat' dir='ltr'>Ob</span> <span class='ocrx_word' id='word_1_112' title='bbox 183 2423 257 2484; x_wconf 79' lang='lat' dir='ltr'>dupli·</span> 
     </span>
     <span class='ocr_line' id='line_1_19' title="bbox 99 2483 259 2541; baseline -0.019 -11"><span class='ocrx_word' id='word_1_113' title='bbox 99 2497 145 2530; x_wconf 78' lang='lat' dir='ltr'>orm</span> <span class='ocrx_word' id='word_1_114' title='bbox 170 2483 259 2541; x_wconf 78' lang='lat' dir='ltr'>regulae</span> 
     </span>
     <span class='ocr_line' id='line_1_20' title="bbox 100 2546 189 2589; baseline -0.011 0"><span class='ocrx_word' id='word_1_115' title='bbox 100 2546 189 2589; x_wconf 83' lang='lat' dir='ltr'>nolam.</span> 
     </span>
    </p>
   </div>
   <div class='ocr_carea' id='block_1_6' title="bbox 103 2929 229 3045">
    <p class='ocr_par' dir='ltr' id='par_1_8' title="bbox 103 2929 229 3045">
     <span class='ocr_line' id='line_1_21' title="bbox 130 2929 229 2975; baseline -0.02 0"><span class='ocrx_word' id='word_1_116' title='bbox 130 2929 165 2975; x_wconf 83' lang='lat' dir='ltr'>Ob</span> <span class='ocrx_word' id='word_1_117' title='bbox 176 2941 229 2974; x_wconf 82' lang='lat' dir='ltr'>ron·</span> 
     </span>
     <span class='ocr_line' id='line_1_22' title="bbox 103 2989 216 3045; baseline 0.009 -14"><span class='ocrx_word' id='word_1_118' title='bbox 103 2989 216 3045; x_wconf 75' lang='lat' dir='ltr'>temptum.</span> 
     </span>
    </p>
   </div>
   <div class='ocr_carea' id='block_1_7' title="bbox 97 3427 240 3662">
    <p class='ocr_par' dir='ltr' id='par_1_9' title="bbox 97 3427 240 3662">
     <span class='ocr_line' id='line_1_23' title="bbox 134 3427 211 3474; baseline 0.026 -2"><span class='ocrx_word' id='word_1_119' title='bbox 134 3427 211 3474; x_wconf 78' lang='lat' dir='ltr'>Varia</span> 
     </span>
     <span class='ocr_line' id='line_1_24' title="bbox 102 3487 202 3546; baseline 0.02 -16"><span class='ocrx_word' id='word_1_120' title='bbox 102 3487 202 3546; x_wconf 77' lang='lat' dir='ltr'>exempla</span> 
     </span>
     <span class='ocr_line' id='line_1_25' title="bbox 97 3543 240 3604; baseline 0.021 -14"><span class='ocrx_word' id='word_1_121' title='bbox 97 3543 240 3604; x_wconf 67' lang='lat' dir='ltr'>⁵violationis</span> 
     </span>
     <span class='ocr_line' id='line_1_26' title="bbox 103 3608 201 3662; baseline 0.02 -14"><span class='ocrx_word' id='word_1_122' title='bbox 103 3608 201 3662; x_wconf 74' lang='lat' dir='ltr'>apertae,</span> 
     </span>
    </p>
   </div>
   <div class='ocr_carea' id='block_1_8' title="bbox 310 1591 1488 3817">
    <p class='ocr_par' dir='ltr' id='par_1_10' title="bbox 310 1591 1426 2168">
     <span class='ocr_line' id='line_1_27' title="bbox 350 1591 1396 1673; baseline -0.007 -14"><span class='ocrx_word' id='word_1_123' title='bbox 350 1595 439 1659; x_wconf 79' lang='lat'>232.</span> <span class='ocrx_word' id='word_1_124' title='bbox 472 1594 498 1654; x_wconf 89' lang='lat'>1.</span> <span class='ocrx_word' id='word_1_125' title='bbox 531 1597 571 1654; x_wconf 88' lang='lat' dir='ltr'>In</span> <span class='ocrx_word' id='word_1_126' title='bbox 595 1593 763 1654; x_wconf 89' lang='lat' dir='ltr'>subditis.</span> <span class='ocrx_word' id='word_1_127' title='bbox 796 1591 964 1654; x_wconf 90' lang='lat' dir='ltr'>Convenit</span> <span class='ocrx_word' id='word_1_128' title='bbox 995 1593 1082 1654; x_wconf 87' lang='lat' dir='ltr'>inter</span> <span class='ocrx_word' id='word_1_129' title='bbox 1106 1592 1300 1673; x_wconf 64' lang='lat' dir='ltr'>scriptores</span> <span class='ocrx_word' id='word_1_130' title='bbox 1328 1611 1396 1652; x_wconf 91' lang='lat' dir='ltr'>non</span> 
     </span>
     <span class='ocr_line' id='line_1_28' title="bbox 310 1675 1397 1754; baseline -0.004 -16"><span class='ocrx_word' id='word_1_131' title='bbox 310 1696 413 1739; x_wconf 91' lang='lat' dir='ltr'>unam</span> <span class='ocrx_word' id='word_1_132' title='bbox 429 1695 502 1737; x_wconf 89' lang='lat' dir='ltr'>esse</span> <span class='ocrx_word' id='word_1_133' title='bbox 527 1695 664 1737; x_wconf 88' lang='lat' dir='ltr'>causam</span> <span class='ocrx_word' id='word_1_134' title='bbox 693 1676 735 1735; x_wconf 92' lang='lat' dir='ltr'>ob</span> <span class='ocrx_word' id='word_1_135' title='bbox 759 1693 862 1754; x_wconf 92' lang='lat' dir='ltr'>quam</span> <span class='ocrx_word' id='word_1_136' title='bbox 877 1675 1016 1737; x_wconf 90' lang='lat' dir='ltr'>violatio</span> <span class='ocrx_word' id='word_1_137' title='bbox 1033 1677 1169 1754; x_wconf 88' lang='lat' dir='ltr'>regulae</span> <span class='ocrx_word' id='word_1_138' title='bbox 1185 1694 1271 1754; x_wconf 89' lang='lat' dir='ltr'>quae</span> <span class='ocrx_word' id='word_1_139' title='bbox 1286 1693 1346 1754; x_wconf 90' lang='lat' dir='ltr'>per</span> <span class='ocrx_word' id='word_1_140' title='bbox 1362 1693 1397 1734; x_wconf 91' lang='lat' dir='ltr'>se</span> 
     </span>
     <span class='ocr_line' id='line_1_29' title="bbox 310 1755 1395 1840; baseline -0.003 -20"><span class='ocrx_word' id='word_1_141' title='bbox 310 1779 376 1821; x_wconf 91' lang='lat' dir='ltr'>non</span> <span class='ocrx_word' id='word_1_142' title='bbox 400 1759 528 1838; x_wconf 85' lang='lat' dir='ltr'>obligat</span> <span class='ocrx_word' id='word_1_143' title='bbox 545 1759 607 1819; x_wconf 89' lang='lat' dir='ltr'>sub</span> <span class='ocrx_word' id='word_1_144' title='bbox 624 1766 765 1840; x_wconf 87' lang='lat' dir='ltr'>p‘eccato</span> <span class='ocrx_word' id='word_1_145' title='bbox 780 1757 903 1820; x_wconf 87' lang='lat' dir='ltr'>inferat</span> <span class='ocrx_word' id='word_1_146' title='bbox 920 1759 1029 1818; x_wconf 91' lang='lat' dir='ltr'>labem</span> <span class='ocrx_word' id='word_1_147' title='bbox 1046 1761 1167 1819; x_wconf 90' lang='lat' dir='ltr'>saltem</span> <span class='ocrx_word' id='word_1_148' title='bbox 1189 1757 1355 1818; x_wconf 89' lang='lat' dir='ltr'>venialem</span> <span class='ocrx_word' id='word_1_149' title='bbox 1374 1755 1395 1817; x_wconf 75' lang='lat'>².</span> 
     </span>
     <span class='ocr_line' id='line_1_30' title="bbox 310 1839 1396 1923; baseline -0.004 -20"><span class='ocrx_word' id='word_1_150' title='bbox 310 1842 418 1904; x_wconf 90' lang='lat' dir='ltr'>Immo</span> <span class='ocrx_word' id='word_1_151' title='bbox 435 1843 547 1923; x_wconf 87' lang='lat' dir='ltr'>plures</span> <span class='ocrx_word' id='word_1_152' title='bbox 568 1849 647 1901; x_wconf 89' lang='lat' dir='ltr'>sunt</span> <span class='ocrx_word' id='word_1_153' title='bbox 671 1839 726 1920; x_wconf 91' lang='lat' dir='ltr'>qui</span> <span class='ocrx_word' id='word_1_154' title='bbox 754 1840 926 1912; x_wconf 88' lang='lat' dir='ltr'>affirmant</span> <span class='ocrx_word' id='word_1_155' title='bbox 956 1859 1025 1901; x_wconf 85' lang='lat' dir='ltr'>rem</span> <span class='ocrx_word' id='word_1_156' title='bbox 1051 1859 1131 1900; x_wconf 88' lang='lat' dir='ltr'>raro</span> <span class='ocrx_word' id='word_1_157' title='bbox 1157 1839 1247 1900; x_wconf 92' lang='lat' dir='ltr'>omni</span> <span class='ocrx_word' id='word_1_158' title='bbox 1274 1857 1396 1899; x_wconf 88' lang='lat' dir='ltr'>vacare</span> 
     </span>
     <span class='ocr_line' id='line_1_31' title="bbox 311 1921 1426 2006; baseline -0.004 -20"><span class='ocrx_word' id='word_1_159' title='bbox 311 1926 422 2006; x_wconf 90' lang='lat' dir='ltr'>culpa.</span> <span class='ocrx_word' id='word_1_160' title='bbox 440 1924 492 1985; x_wconf 89' lang='lat' dir='ltr'>Ita</span> <span class='ocrx_word' id='word_1_161' title='bbox 507 1943 541 1986; x_wconf 94' lang='lat' dir='ltr'>v.</span> <span class='ocrx_word' id='word_1_162' title='bbox 555 1923 608 2002; x_wconf 87' lang='lat' dir='ltr'>gr.</span> <span class='ocrx_word' id='word_1_163' title='bbox 626 1923 767 2000; x_wconf 86' lang='lat' dir='ltr'>Suarez,</span> <span class='ocrx_word' id='word_1_164' title='bbox 784 1921 1018 2004; x_wconf 79' lang='lat' dir='ltr'>DaReligione,</span> <span class='ocrx_word' id='word_1_165' title='bbox 1036 1927 1061 1983; x_wconf 87' lang='lat' dir='ltr'>t.</span> <span class='ocrx_word' id='word_1_166' title='bbox 1079 1927 1109 1997; x_wconf 91' lang='lat'>8,</span> <span class='ocrx_word' id='word_1_167' title='bbox 1124 1923 1145 1983; x_wconf 90' lang='lat' dir='ltr'>l.</span> <span class='ocrx_word' id='word_1_168' title='bbox 1162 1945 1175 1984; x_wconf 92' lang='lat'>1</span> <span class='ocrx_word' id='word_1_169' title='bbox 1209 1942 1238 1983; x_wconf 83' lang='lat' dir='ltr'>c.</span> <span class='ocrx_word' id='word_1_170' title='bbox 1253 1943 1284 2000; x_wconf 86' lang='lat'>3,</span> <span class='ocrx_word' id='word_1_171' title='bbox 1298 1941 1331 1984; x_wconf 90' lang='lat' dir='ltr'>n.</span> <span class='ocrx_word' id='word_1_172' title='bbox 1348 1941 1395 1982; x_wconf 89' lang='lat'>12.</span> <span class='ocrx_word' id='word_1_173' title='bbox 1420 1941 1426 1949; x_wconf 93' lang='lat'>·</span> 
     </span>
     <span class='ocr_line' id='line_1_32' title="bbox 313 2001 1398 2086; baseline -0.005 -18"><span class='ocrx_word' id='word_1_174' title='bbox 313 2026 368 2085; x_wconf 84' lang='lat'>133</span> <span class='ocrx_word' id='word_1_175' title='bbox 383 2007 562 2086; x_wconf 90' lang='lat' dir='ltr'>Laymann</span> <span class='ocrx_word' id='word_1_176' title='bbox 576 2009 597 2070; x_wconf 93' lang='lat' dir='ltr'>l.</span> <span class='ocrx_word' id='word_1_177' title='bbox 611 2029 641 2086; x_wconf 84' lang='lat'>4.</span> <span class='ocrx_word' id='word_1_178' title='bbox 657 2013 700 2066; x_wconf 92' lang='lat' dir='ltr'>tr.</span> <span class='ocrx_word' id='word_1_179' title='bbox 716 2023 746 2086; x_wconf 88' lang='lat'>5,</span> <span class='ocrx_word' id='word_1_180' title='bbox 762 2024 791 2067; x_wconf 90' lang='lat' dir='ltr'>c.</span> <span class='ocrx_word' id='word_1_181' title='bbox 802 2027 832 2084; x_wconf 84' lang='lat'>9,</span> <span class='ocrx_word' id='word_1_182' title='bbox 848 2025 881 2066; x_wconf 93' lang='lat' dir='ltr'>n.</span> <span class='ocrx_word' id='word_1_183' title='bbox 896 2011 926 2067; x_wconf 90' lang='lat'>8.</span> <span class='ocrx_word' id='word_1_184' title='bbox 941 2025 977 2084; x_wconf 82' lang='lat'>93</span> <span class='ocrx_word' id='word_1_185' title='bbox 992 2005 1163 2082; x_wconf 86' lang='lat' dir='ltr'>Ballerini,</span> <span class='ocrx_word' id='word_1_186' title='bbox 1182 2005 1265 2084; x_wconf 76' lang='lat' dir='ltr'>Opus</span> <span class='ocrx_word' id='word_1_187' title='bbox 1277 2001 1368 2066; x_wconf 76' lang='lat' dir='ltr'>theol.</span> <span class='ocrx_word' id='word_1_188' title='bbox 1386 2003 1398 2032; x_wconf 88' lang='lat'><strong>²</strong></span> 
     </span>
     <span class='ocr_line' id='line_1_33' title="bbox 312 2085 1233 2168; baseline -0.005 -16"><span class='ocrx_word' id='word_1_189' title='bbox 312 2096 355 2152; x_wconf 88' lang='lat' dir='ltr'>tr.</span> <span class='ocrx_word' id='word_1_190' title='bbox 371 2110 400 2167; x_wconf 87' lang='lat'>3,</span> <span class='ocrx_word' id='word_1_191' title='bbox 415 2108 445 2151; x_wconf 90' lang='lat' dir='ltr'>c.</span> <span class='ocrx_word' id='word_1_192' title='bbox 464 2112 489 2165; x_wconf 89' lang='lat' dir='ltr'>r,</span> <span class='ocrx_word' id='word_1_193' title='bbox 504 2110 536 2150; x_wconf 91' lang='lat' dir='ltr'>n.</span> <span class='ocrx_word' id='word_1_194' title='bbox 557 2093 631 2164; x_wconf 86' lang='lat'>106;</span> <span class='ocrx_word' id='word_1_195' title='bbox 646 2087 733 2162; x_wconf 83' lang='lat' dir='ltr'>Piat,</span> <span class='ocrx_word' id='word_1_196' title='bbox 748 2087 899 2149; x_wconf 76' lang='lat' dir='ltr'>Praelect.</span> <span class='ocrx_word' id='word_1_197' title='bbox 910 2085 980 2166; x_wconf 81' lang='lat' dir='ltr'>jnr.</span> <span class='ocrx_word' id='word_1_198' title='bbox 992 2105 1058 2168; x_wconf 78' lang='lat' dir='ltr'>reg.</span> <span class='ocrx_word' id='word_1_199' title='bbox 1072 2104 1095 2162; x_wconf 89' lang='lat'>1,</span> <span class='ocrx_word' id='word_1_200' title='bbox 1111 2106 1141 2166; x_wconf 91' lang='lat' dir='ltr'>p.</span> <span class='ocrx_word' id='word_1_201' title='bbox 1161 2108 1233 2165; x_wconf 83' lang='lat'>233.</span> 
     </span>
    </p>

    <p class='ocr_par' dir='ltr' id='par_1_11' title="bbox 312 2167 1402 2662">
     <span class='ocr_line' id='line_1_34' title="bbox 353 2167 1399 2253; baseline -0.005 -20"><span class='ocrx_word' id='word_1_202' title='bbox 353 2172 451 2253; x_wconf 87' lang='lat' dir='ltr'>Quod</span> <span class='ocrx_word' id='word_1_203' title='bbox 475 2183 512 2233; x_wconf 92' lang='lat' dir='ltr'>ut</span> <span class='ocrx_word' id='word_1_204' title='bbox 535 2171 653 2233; x_wconf 91' lang='lat' dir='ltr'>melius</span> <span class='ocrx_word' id='word_1_205' title='bbox 676 2171 882 2249; x_wconf 68' lang='lat' dir='ltr'>assequaris</span> <span class='ocrx_word' id='word_1_206' title='bbox 908 2171 960 2230; x_wconf 88' lang='lat' dir='ltr'>l&#39;ac</span> <span class='ocrx_word' id='word_1_207' title='bbox 982 2171 1152 2245; x_wconf 89' lang='lat' dir='ltr'>advertas,</span> <span class='ocrx_word' id='word_1_208' title='bbox 1171 2169 1250 2230; x_wconf 92' lang='lat' dir='ltr'>hinc</span> <span class='ocrx_word' id='word_1_209' title='bbox 1267 2167 1399 2246; x_wconf 90' lang='lat' dir='ltr'>quidem</span> 
     </span>
     <span class='ocr_line' id='line_1_35' title="bbox 312 2251 1401 2332; baseline -0.006 -16"><span class='ocrx_word' id='word_1_210' title='bbox 312 2255 465 2317; x_wconf 86' lang='lat' dir='ltr'>ordinem</span> <span class='ocrx_word' id='word_1_211' title='bbox 488 2253 630 2316; x_wconf 84' lang='lat' dir='ltr'>rationis</span> <span class='ocrx_word' id='word_1_212' title='bbox 654 2273 693 2314; x_wconf 87' lang='lat' dir='ltr'>eo</span> <span class='ocrx_word' id='word_1_213' title='bbox 717 2272 824 2332; x_wconf 82' lang='lat' dir='ltr'>usque</span> <span class='ocrx_word' id='word_1_214' title='bbox 847 2273 867 2313; x_wconf 89' lang='lat' dir='ltr'>a</span> <span class='ocrx_word' id='word_1_215' title='bbox 889 2253 962 2314; x_wconf 91' lang='lat' dir='ltr'>Deo</span> <span class='ocrx_word' id='word_1_216' title='bbox 985 2252 1121 2328; x_wconf 88' lang='lat' dir='ltr'>sanciri,</span> <span class='ocrx_word' id='word_1_217' title='bbox 1147 2259 1184 2313; x_wconf 89' lang='lat' dir='ltr'>ut</span> <span class='ocrx_word' id='word_1_218' title='bbox 1208 2252 1292 2313; x_wconf 87' lang='lat' dir='ltr'>nihil</span> <span class='ocrx_word' id='word_1_219' title='bbox 1315 2251 1359 2312; x_wconf 89' lang='lat' dir='ltr'>sit</span> <span class='ocrx_word' id='word_1_220' title='bbox 1382 2271 1401 2310; x_wconf 91' lang='lat' dir='ltr'>a</span> 
     </span>
     <span class='ocr_line' id='line_1_36' title="bbox 313 2333 1400 2416; baseline -0.005 -18"><span class='ocrx_word' id='word_1_221' title='bbox 313 2339 445 2398; x_wconf 89' lang='lat' dir='ltr'>ratione</span> <span class='ocrx_word' id='word_1_222' title='bbox 461 2337 626 2397; x_wconf 87' lang='lat' dir='ltr'>dissidens</span> <span class='ocrx_word' id='word_1_223' title='bbox 644 2336 723 2413; x_wconf 90' lang='lat' dir='ltr'>quin</span> <span class='ocrx_word' id='word_1_224' title='bbox 750 2336 822 2416; x_wconf 92' lang='lat' dir='ltr'>pari</span> <span class='ocrx_word' id='word_1_225' title='bbox 839 2354 941 2416; x_wconf 90' lang='lat' dir='ltr'>passu</span> <span class='ocrx_word' id='word_1_226' title='bbox 958 2355 977 2395; x_wconf 90' lang='lat' dir='ltr'>a</span> <span class='ocrx_word' id='word_1_227' title='bbox 993 2337 1066 2413; x_wconf 88' lang='lat' dir='ltr'>lege</span> <span class='ocrx_word' id='word_1_228' title='bbox 1082 2333 1239 2396; x_wconf 89' lang='lat' dir='ltr'>deflectat</span> <span class='ocrx_word' id='word_1_229' title='bbox 1262 2334 1378 2395; x_wconf 91' lang='lat' dir='ltr'>divina</span> <span class='ocrx_word' id='word_1_230' title='bbox 1393 2355 1400 2407; x_wconf 89' lang='lat'>;</span> 
     </span>
     <span class='ocr_line' id='line_1_37' title="bbox 313 2417 1402 2498; baseline -0.003 -19"><span class='ocrx_word' id='word_1_231' title='bbox 313 2418 402 2480; x_wconf 90' lang='lat' dir='ltr'>illinc</span> <span class='ocrx_word' id='word_1_232' title='bbox 425 2438 507 2479; x_wconf 88' lang='lat' dir='ltr'>vero</span> <span class='ocrx_word' id='word_1_233' title='bbox 531 2419 563 2479; x_wconf 93' lang='lat' dir='ltr'>in</span> <span class='ocrx_word' id='word_1_234' title='bbox 588 2419 705 2496; x_wconf 82' lang='lat' dir='ltr'>regula</span> <span class='ocrx_word' id='word_1_235' title='bbox 729 2419 895 2498; x_wconf 82' lang='lat' dir='ltr'>duplicem</span> <span class='ocrx_word' id='word_1_236' title='bbox 918 2418 1027 2478; x_wconf 91' lang='lat' dir='ltr'>inesse</span> <span class='ocrx_word' id='word_1_237' title='bbox 1044 2417 1223 2478; x_wconf 89' lang='lat' dir='ltr'>rationem.</span> <span class='ocrx_word' id='word_1_238' title='bbox 1248 2417 1402 2494; x_wconf 88' lang='lat' dir='ltr'>Namque</span> 
     </span>
     <span class='ocr_line' id='line_1_38' title="bbox 314 2499 1397 2580; baseline -0.004 -18"><span class='ocrx_word' id='word_1_239' title='bbox 314 2509 365 2562; x_wconf 89' lang='lat' dir='ltr'>est</span> <span class='ocrx_word' id='word_1_240' title='bbox 380 2499 430 2560; x_wconf 83' lang='lat' dir='ltr'>len</span> <span class='ocrx_word' id='word_1_241' title='bbox 446 2501 611 2578; x_wconf 83' lang='lat' dir='ltr'>quaedam</span> <span class='ocrx_word' id='word_1_242' title='bbox 639 2520 658 2559; x_wconf 88' lang='lat' dir='ltr'>a</span> <span class='ocrx_word' id='word_1_243' title='bbox 682 2499 828 2578; x_wconf 88' lang='lat' dir='ltr'>positiva</span> <span class='ocrx_word' id='word_1_244' title='bbox 851 2499 1096 2579; x_wconf 85' lang='lat' dir='ltr'>jurisdictionis</span> <span class='ocrx_word' id='word_1_245' title='bbox 1120 2505 1288 2580; x_wconf 86' lang='lat' dir='ltr'>potestate</span> <span class='ocrx_word' id='word_1_246' title='bbox 1315 2499 1397 2573; x_wconf 90' lang='lat' dir='ltr'>lata,</span> 
     </span>
     <span class='ocr_line' id='line_1_39' title="bbox 313 2581 1227 2662; baseline -0.008 -19"><span class='ocrx_word' id='word_1_247' title='bbox 313 2589 346 2643; x_wconf 89' lang='lat' dir='ltr'>et</span> <span class='ocrx_word' id='word_1_248' title='bbox 362 2582 461 2643; x_wconf 90' lang='lat' dir='ltr'>simul</span> <span class='ocrx_word' id='word_1_249' title='bbox 476 2589 528 2642; x_wconf 88' lang='lat' dir='ltr'>est</span> <span class='ocrx_word' id='word_1_250' title='bbox 541 2582 706 2660; x_wconf 87' lang='lat' dir='ltr'>quaedam</span> <span class='ocrx_word' id='word_1_251' title='bbox 722 2581 875 2662; x_wconf 70' lang='lat' dir='ltr'>regularis</span> <span class='ocrx_word' id='word_1_252' title='bbox 888 2581 967 2642; x_wconf 77' lang='lat' dir='ltr'>vitae</span> <span class='ocrx_word' id='word_1_253' title='bbox 981 2585 1052 2661; x_wconf 73' lang='lat' dir='ltr'>apin</span> <span class='ocrx_word' id='word_1_254' title='bbox 1065 2581 1227 2642; x_wconf 77' lang='lat' dir='ltr'>ordinatio</span> 
     </span>
    </p>

    <p class='ocr_par' dir='ltr' id='par_1_12' title="bbox 314 2662 1488 3388">
     <span class='ocr_line' id='line_1_40' title="bbox 354 2662 1397 2746; baseline -0.004 -22"><span class='ocrx_word' id='word_1_255' title='bbox 354 2665 429 2746; x_wconf 83' lang='lat' dir='ltr'>Jam</span> <span class='ocrx_word' id='word_1_256' title='bbox 459 2682 542 2724; x_wconf 88' lang='lat' dir='ltr'>vero</span> <span class='ocrx_word' id='word_1_257' title='bbox 571 2662 648 2744; x_wconf 72' lang='lat' dir='ltr'>legis</span> <span class='ocrx_word' id='word_1_258' title='bbox 678 2683 744 2724; x_wconf 88' lang='lat' dir='ltr'>non</span> <span class='ocrx_word' id='word_1_259' title='bbox 776 2672 827 2724; x_wconf 89' lang='lat' dir='ltr'>est</span> <span class='ocrx_word' id='word_1_260' title='bbox 858 2664 965 2743; x_wconf 81' lang='lat' dir='ltr'>major</span> <span class='ocrx_word' id='word_1_261' title='bbox 994 2663 1155 2742; x_wconf 84' lang='lat' dir='ltr'>obligatio</span> <span class='ocrx_word' id='word_1_262' title='bbox 1180 2681 1278 2740; x_wconf 87' lang='lat' dir='ltr'>quarn</span> <span class='ocrx_word' id='word_1_263' title='bbox 1310 2679 1397 2739; x_wconf 91' lang='lat' dir='ltr'>quae</span> 
     </span>
     <span class='ocr_line' id='line_1_41' title="bbox 314 2741 1397 2828; baseline -0.005 -21"><span class='ocrx_word' id='word_1_264' title='bbox 314 2747 510 2827; x_wconf 83' lang='lat' dir='ltr'>imperantis</span> <span class='ocrx_word' id='word_1_265' title='bbox 523 2754 608 2806; x_wconf 93' lang='lat' dir='ltr'>nutu</span> <span class='ocrx_word' id='word_1_266' title='bbox 623 2745 792 2808; x_wconf 83' lang='lat' dir='ltr'>indicitur.</span> <span class='ocrx_word' id='word_1_267' title='bbox 807 2747 985 2828; x_wconf 83' lang='lat' dir='ltr'>Quocirca,</span> <span class='ocrx_word' id='word_1_268' title='bbox 997 2765 1038 2806; x_wconf 89' lang='lat' dir='ltr'>ex</span> <span class='ocrx_word' id='word_1_269' title='bbox 1050 2747 1113 2806; x_wconf 90' lang='lat' dir='ltr'>hoc</span> <span class='ocrx_word' id='word_1_270' title='bbox 1128 2745 1245 2828; x_wconf 89' lang='lat' dir='ltr'>capite,</span> <span class='ocrx_word' id='word_1_271' title='bbox 1259 2741 1397 2805; x_wconf 90' lang='lat' dir='ltr'>violalio</span> 
     </span>
     <span class='ocr_line' id='line_1_42' title="bbox 314 2828 1400 2908; baseline -0.004 -19"><span class='ocrx_word' id='word_1_272' title='bbox 314 2831 415 2889; x_wconf 90' lang='lat' dir='ltr'>ctiam</span> <span class='ocrx_word' id='word_1_273' title='bbox 439 2828 624 2890; x_wconf 88' lang='lat' dir='ltr'>deliberata</span> <span class='ocrx_word' id='word_1_274' title='bbox 641 2830 777 2908; x_wconf 83' lang='lat' dir='ltr'>regulae</span> <span class='ocrx_word' id='word_1_275' title='bbox 801 2849 869 2890; x_wconf 92' lang='lat' dir='ltr'>non</span> <span class='ocrx_word' id='word_1_276' title='bbox 892 2829 1073 2908; x_wconf 84' lang='lat' dir='ltr'>obligantis</span> <span class='ocrx_word' id='word_1_277' title='bbox 1097 2828 1160 2888; x_wconf 86' lang='lat' dir='ltr'>sub</span> <span class='ocrx_word' id='word_1_278' title='bbox 1177 2833 1315 2908; x_wconf 92' lang='lat' dir='ltr'>peccato</span> <span class='ocrx_word' id='word_1_279' title='bbox 1331 2844 1400 2886; x_wconf 90' lang='lat' dir='ltr'>non</span> 
     </span>
     <span class='ocr_line' id='line_1_43' title="bbox 314 2906 1398 2990; baseline -0.004 -18"><span class='ocrx_word' id='word_1_280' title='bbox 314 2910 415 2972; x_wconf 85' lang='lat' dir='ltr'>infert</span> <span class='ocrx_word' id='word_1_281' title='bbox 430 2918 563 2972; x_wconf 88' lang='lat' dir='ltr'>reatum</span> <span class='ocrx_word' id='word_1_282' title='bbox 580 2912 710 2990; x_wconf 90' lang='lat' dir='ltr'>culpae,</span> <span class='ocrx_word' id='word_1_283' title='bbox 730 2909 792 2971; x_wconf 83' lang='lat' dir='ltr'>nisi</span> <span class='ocrx_word' id='word_1_284' title='bbox 809 2911 947 2972; x_wconf 88' lang='lat' dir='ltr'>accedat</span> <span class='ocrx_word' id='word_1_285' title='bbox 957 2909 1107 2990; x_wconf 78' lang='lat' dir='ltr'>formalis</span> <span class='ocrx_word' id='word_1_286' title='bbox 1119 2913 1313 2990; x_wconf 70' lang='lat' dir='ltr'>contemptus,</span> <span class='ocrx_word' id='word_1_287' title='bbox 1332 2906 1398 2988; x_wconf 90' lang='lat' dir='ltr'>qui,</span> 
     </span>
     <span class='ocr_line' id='line_1_44' title="bbox 315 2992 1488 3074; baseline -0.002 -20"><span class='ocrx_word' id='word_1_288' title='bbox 315 2992 341 3055; x_wconf 91' lang='lat' dir='ltr'>si</span> <span class='ocrx_word' id='word_1_289' title='bbox 358 2993 553 3055; x_wconf 88' lang='lat' dir='ltr'>universam</span> <span class='ocrx_word' id='word_1_290' title='bbox 571 2993 729 3074; x_wconf 82' lang='lat' dir='ltr'>respiciat</span> <span class='ocrx_word' id='word_1_291' title='bbox 747 2994 897 3073; x_wconf 85' lang='lat' dir='ltr'>regulam</span> <span class='ocrx_word' id='word_1_292' title='bbox 914 3013 980 3073; x_wconf 89' lang='lat' dir='ltr'>qua</span> <span class='ocrx_word' id='word_1_293' title='bbox 995 2994 1078 3054; x_wconf 91' lang='lat' dir='ltr'>velis</span> <span class='ocrx_word' id='word_1_294' title='bbox 1095 3002 1128 3054; x_wconf 90' lang='lat' dir='ltr'>te</span> <span class='ocrx_word' id='word_1_295' title='bbox 1142 2993 1237 3072; x_wconf 89' lang='lat' dir='ltr'>quasi</span> <span class='ocrx_word' id='word_1_296' title='bbox 1251 2992 1400 3053; x_wconf 90' lang='lat' dir='ltr'>solutum</span> <span class='ocrx_word' id='word_1_297' title='bbox 1486 3009 1488 3016; x_wconf 62' lang='lat'><strong>¹</strong></span> 
     </span>
     <span class='ocr_line' id='line_1_45' title="bbox 315 3073 1401 3158; baseline -0.002 -22"><span class='ocrx_word' id='word_1_298' title='bbox 315 3077 478 3158; x_wconf 87' lang='lat' dir='ltr'>profiteri,</span> <span class='ocrx_word' id='word_1_299' title='bbox 492 3077 556 3137; x_wconf 92' lang='lat' dir='ltr'>erit</span> <span class='ocrx_word' id='word_1_300' title='bbox 569 3075 709 3137; x_wconf 81' lang='lat' dir='ltr'>niortnlis</span> <span class='ocrx_word' id='word_1_301' title='bbox 723 3077 893 3157; x_wconf 78' lang='lat' dir='ltr'>superbia3</span> <span class='ocrx_word' id='word_1_302' title='bbox 907 3074 1035 3138; x_wconf 83' lang='lat' dir='ltr'>venialis</span> <span class='ocrx_word' id='word_1_303' title='bbox 1051 3089 1171 3136; x_wconf 89' lang='lat' dir='ltr'>contra</span> <span class='ocrx_word' id='word_1_304' title='bbox 1184 3076 1248 3137; x_wconf 90' lang='lat' dir='ltr'>erit</span> <span class='ocrx_word' id='word_1_305' title='bbox 1260 3073 1288 3135; x_wconf 90' lang='lat' dir='ltr'>si</span> <span class='ocrx_word' id='word_1_306' title='bbox 1301 3074 1401 3134; x_wconf 89' lang='lat' dir='ltr'>cadat</span> 
     </span>
     <span class='ocr_line' id='line_1_46' title="bbox 315 3156 1399 3237; baseline -0.006 -16"><span class='ocrx_word' id='word_1_307' title='bbox 315 3163 348 3221; x_wconf 93' lang='lat' dir='ltr'>in</span> <span class='ocrx_word' id='word_1_308' title='bbox 365 3179 466 3220; x_wconf 91' lang='lat' dir='ltr'>unam</span> <span class='ocrx_word' id='word_1_309' title='bbox 492 3161 546 3220; x_wconf 92' lang='lat' dir='ltr'>vel</span> <span class='ocrx_word' id='word_1_310' title='bbox 572 3161 714 3221; x_wconf 89' lang='lat' dir='ltr'>alteram</span> <span class='ocrx_word' id='word_1_311' title='bbox 733 3161 885 3237; x_wconf 78' lang='lat' dir='ltr'>regulam</span> <span class='ocrx_word' id='word_1_312' title='bbox 911 3179 1011 3237; x_wconf 91' lang='lat' dir='ltr'>quam</span> <span class='ocrx_word' id='word_1_313' title='bbox 1039 3158 1176 3219; x_wconf 86' lang='lat' dir='ltr'>minoris</span> <span class='ocrx_word' id='word_1_314' title='bbox 1194 3156 1319 3234; x_wconf 74' lang='lat' dir='ltr'>tactas,</span> <span class='ocrx_word' id='word_1_315' title='bbox 1348 3156 1399 3215; x_wconf 89' lang='lat' dir='ltr'>vel</span> 
     </span>
     <span class='ocr_line' id='line_1_47' title="bbox 315 3239 1399 3322; baseline -0.005 -20"><span class='ocrx_word' id='word_1_316' title='bbox 315 3239 1399 3322; x_wconf 81' lang='lat' dir='ltr'>cujus,exaliquavanitnle,repudiesindicationemSubpeccato</span> 
     </span>
     <span class='ocr_line' id='line_1_48' title="bbox 315 3327 1432 3388; baseline -0.001 -3"><span class='ocrx_word' id='word_1_317' title='bbox 315 3328 403 3387; x_wconf 90' lang='lat' dir='ltr'>enim</span> <span class='ocrx_word' id='word_1_318' title='bbox 419 3334 556 3386; x_wconf 91' lang='lat' dir='ltr'>vetatur</span> <span class='ocrx_word' id='word_1_319' title='bbox 573 3345 615 3386; x_wconf 92' lang='lat' dir='ltr'>ne</span> <span class='ocrx_word' id='word_1_320' title='bbox 631 3331 870 3386; x_wconf 89' lang='lat' dir='ltr'>contemnatur</span> <span class='ocrx_word' id='word_1_321' title='bbox 887 3327 950 3386; x_wconf 85' lang='lat' dir='ltr'>lex.</span> <span class='ocrx_word' id='word_1_322' title='bbox 1391 3385 1392 3388; x_wconf 68' lang='grc'>,</span> <span class='ocrx_word' id='word_1_323' title='bbox 1429 3371 1432 3375; x_wconf 84' lang='grc'>.</span> 
     </span>
    </p>

    <p class='ocr_par' dir='ltr' id='par_1_13' title="bbox 316 3401 1403 3551">
     <span class='ocr_line' id='line_1_49' title="bbox 357 3401 1403 3486; baseline -0.008 -16"><span class='ocrx_word' id='word_1_324' title='bbox 357 3408 392 3470; x_wconf 88' lang='lat' dir='ltr'>Si</span> <span class='ocrx_word' id='word_1_325' title='bbox 409 3428 491 3470; x_wconf 86' lang='lat' dir='ltr'>vero</span> <span class='ocrx_word' id='word_1_326' title='bbox 508 3407 700 3468; x_wconf 87' lang='lat' dir='ltr'>consideres</span> <span class='ocrx_word' id='word_1_327' title='bbox 717 3427 792 3468; x_wconf 91' lang='lat' dir='ltr'>eam</span> <span class='ocrx_word' id='word_1_328' title='bbox 810 3418 846 3467; x_wconf 90' lang='lat' dir='ltr'>ut</span> <span class='ocrx_word' id='word_1_329' title='bbox 869 3406 910 3468; x_wconf 85' lang='lat' dir='ltr'>nd</span> <span class='ocrx_word' id='word_1_330' title='bbox 925 3405 1065 3468; x_wconf 77' lang='lat' dir='ltr'>instituti</span> <span class='ocrx_word' id='word_1_331' title='bbox 1080 3405 1175 3486; x_wconf 82' lang='lat' dir='ltr'>finem</span> <span class='ocrx_word' id='word_1_332' title='bbox 1192 3401 1403 3465; x_wconf 78' lang='lat' dir='ltr'>accornnrodn-</span> 
     </span>
     <span class='ocr_line' id='line_1_50' title="bbox 316 3489 648 3551; baseline -0.006 -1"><span class='ocrx_word' id='word_1_333' title='bbox 316 3495 380 3551; x_wconf 70' lang='lat' dir='ltr'>inin</span> <span class='ocrx_word' id='word_1_334' title='bbox 396 3489 624 3551; x_wconf 74' lang='lat' dir='ltr'>ordinationem</span> <span class='ocrx_word' id='word_1_335' title='bbox 639 3512 648 3548; x_wconf 92' lang='lat'>.·</span> 
     </span>
    </p>

    <p class='ocr_par' dir='ltr' id='par_1_14' title="bbox 316 3568 1403 3817">
     <span class='ocr_line' id='line_1_51' title="bbox 361 3568 1402 3651; baseline -0.005 -19"><span class='ocrx_word' id='word_1_336' title='bbox 361 3594 387 3635; x_wconf 94' lang='lat'>1.</span> <span class='ocrx_word' id='word_1_337' title='bbox 413 3571 533 3651; x_wconf 86' lang='lat' dir='ltr'>Saepe,</span> <span class='ocrx_word' id='word_1_338' title='bbox 565 3590 607 3632; x_wconf 91' lang='lat' dir='ltr'>ne</span> <span class='ocrx_word' id='word_1_339' title='bbox 637 3571 743 3632; x_wconf 91' lang='lat' dir='ltr'>dicam</span> <span class='ocrx_word' id='word_1_340' title='bbox 775 3573 981 3651; x_wconf 86' lang='lat' dir='ltr'>plerumque,</span> <span class='ocrx_word' id='word_1_341' title='bbox 1011 3590 1102 3632; x_wconf 88' lang='lat' dir='ltr'>mere</span> <span class='ocrx_word' id='word_1_342' title='bbox 1128 3569 1279 3630; x_wconf 87' lang='lat' dir='ltr'>declarat</span> <span class='ocrx_word' id='word_1_343' title='bbox 1310 3568 1402 3644; x_wconf 90' lang='lat' dir='ltr'>hunc</span> 
     </span>
     <span class='ocr_line' id='line_1_52' title="bbox 316 3647 1403 3734; baseline -0.004 -20"><span class='ocrx_word' id='word_1_344' title='bbox 316 3653 541 3715; x_wconf 85' lang='lat' dir='ltr'>conversandi</span> <span class='ocrx_word' id='word_1_345' title='bbox 565 3654 701 3714; x_wconf 79' lang='lat' dir='ltr'>niodum</span> <span class='ocrx_word' id='word_1_346' title='bbox 722 3673 821 3732; x_wconf 91' lang='lat' dir='ltr'>quem</span> <span class='ocrx_word' id='word_1_347' title='bbox 845 3653 941 3734; x_wconf 78' lang='lat' dir='ltr'>exigit</span> <span class='ocrx_word' id='word_1_348' title='bbox 959 3652 1109 3734; x_wconf 77' lang='lat' dir='ltr'>professio</span> <span class='ocrx_word' id='word_1_349' title='bbox 1130 3649 1289 3732; x_wconf 81' lang='lat' dir='ltr'>religiosa.</span> <span class='ocrx_word' id='word_1_350' title='bbox 1313 3647 1403 3711; x_wconf 87' lang='lat' dir='ltr'>Huic</span> 
     </span>
     <span class='ocr_line' id='line_1_53' title="bbox 317 3735 919 3817; baseline 0 -19"><span class='ocrx_word' id='word_1_351' title='bbox 317 3736 430 3798; x_wconf 89' lang='lat' dir='ltr'>decori</span> <span class='ocrx_word' id='word_1_352' title='bbox 446 3751 505 3817; x_wconf 89' lang='lat' dir='ltr'>per</span> <span class='ocrx_word' id='word_1_353' title='bbox 518 3755 553 3796; x_wconf 91' lang='lat' dir='ltr'>se</span> <span class='ocrx_word' id='word_1_354' title='bbox 569 3735 711 3797; x_wconf 86' lang='lat' dir='ltr'>vetitum</span> <span class='ocrx_word' id='word_1_355' title='bbox 724 3746 775 3798; x_wconf 87' lang='lat' dir='ltr'>est</span> <span class='ocrx_word' id='word_1_356' title='bbox 791 3737 919 3798; x_wconf 89' lang='lat' dir='ltr'>deesse.</span> 
     </span>
    </p>
   </div>
   <div class='ocr_carea' id='block_1_9' title="bbox 318 3987 1416 4280">
    <p class='ocr_par' dir='ltr' id='par_1_15' title="bbox 319 3987 1416 4165">
     <span class='ocr_line' id='line_1_54' title="bbox 347 3987 1402 4051; baseline -0.005 -14"><span class='ocrx_word' id='word_1_357' title='bbox 347 3991 423 4037; x_wconf 87' lang='lat' dir='ltr'>¹Clr.</span> <span class='ocrx_word' id='word_1_358' title='bbox 437 4004 462 4036; x_wconf 91' lang='lat' dir='ltr'>v.</span> <span class='ocrx_word' id='word_1_359' title='bbox 476 4004 514 4049; x_wconf 85' lang='lat' dir='ltr'>gr.</span> <span class='ocrx_word' id='word_1_360' title='bbox 528 3989 554 4038; x_wconf 91' lang='lat' dir='ltr'>S.</span> <span class='ocrx_word' id='word_1_361' title='bbox 574 3988 708 4036; x_wconf 89' lang='lat' dir='ltr'>Thomam</span> <span class='ocrx_word' id='word_1_362' title='bbox 720 4007 742 4043; x_wconf 85' lang='lat'>2,</span> <span class='ocrx_word' id='word_1_363' title='bbox 756 4006 777 4036; x_wconf 88' lang='lat'>2.</span> <span class='ocrx_word' id='word_1_364' title='bbox 791 4003 817 4048; x_wconf 76' lang='lat' dir='ltr'>q.</span> <span class='ocrx_word' id='word_1_365' title='bbox 838 3996 888 4041; x_wconf 85' lang='lat'>186.</span> <span class='ocrx_word' id='word_1_366' title='bbox 902 3993 952 4036; x_wconf 86' lang='lat' dir='ltr'>art.</span> <span class='ocrx_word' id='word_1_367' title='bbox 965 4007 979 4046; x_wconf 89' lang='lat'>9</span> <span class='ocrx_word' id='word_1_368' title='bbox 990 3987 1025 4036; x_wconf 88' lang='lat' dir='ltr'>ad</span> <span class='ocrx_word' id='word_1_369' title='bbox 1037 4002 1065 4044; x_wconf 75' lang='lat' dir='ltr'>r:</span> <span class='ocrx_word' id='word_1_370' title='bbox 1084 3987 1232 4041; x_wconf 75' lang='lat' dir='ltr'>Passenni,</span> <span class='ocrx_word' id='word_1_371' title='bbox 1251 3988 1268 4034; x_wconf 83' lang='lat' dir='ltr'>l.</span> <span class='ocrx_word' id='word_1_372' title='bbox 1281 3999 1305 4033; x_wconf 87' lang='lat' dir='ltr'>c.</span> <span class='ocrx_word' id='word_1_373' title='bbox 1318 3993 1402 4051; x_wconf 24' lang='lat' dir='ltr'>n.·46,;</span> 
     </span>
     <span class='ocr_line' id='line_1_55' title="bbox 319 4044 1416 4104; baseline -0.005 -9"><span class='ocrx_word' id='word_1_374' title='bbox 319 4047 441 4096; x_wconf 89' lang='lat' dir='ltr'>Sanchez</span> <span class='ocrx_word' id='word_1_375' title='bbox 453 4048 470 4094; x_wconf 88' lang='lat' dir='ltr'>l.</span> <span class='ocrx_word' id='word_1_376' title='bbox 483 4056 505 4102; x_wconf 86' lang='lat'>6,</span> <span class='ocrx_word' id='word_1_377' title='bbox 519 4061 542 4094; x_wconf 92' lang='lat' dir='ltr'>c.</span> <span class='ocrx_word' id='word_1_378' title='bbox 555 4068 577 4103; x_wconf 81' lang='lat'>4,</span> <span class='ocrx_word' id='word_1_379' title='bbox 591 4062 618 4093; x_wconf 89' lang='lat'>11.</span> <span class='ocrx_word' id='word_1_380' title='bbox 633 4060 667 4102; x_wconf 82' lang='lat'>14;</span> <span class='ocrx_word' id='word_1_381' title='bbox 681 4047 868 4103; x_wconf 88' lang='lat' dir='ltr'>Pellizarium,</span> <span class='ocrx_word' id='word_1_382' title='bbox 881 4047 1005 4103; x_wconf 81' lang='lat' dir='ltr'>Manuale,</span> <span class='ocrx_word' id='word_1_383' title='bbox 1018 4051 1050 4094; x_wconf 91' lang='lat' dir='ltr'>tr.</span> <span class='ocrx_word' id='word_1_384' title='bbox 1064 4053 1086 4104; x_wconf 87' lang='lat'>5,</span> <span class='ocrx_word' id='word_1_385' title='bbox 1100 4061 1123 4094; x_wconf 87' lang='lat' dir='ltr'>c.</span> <span class='ocrx_word' id='word_1_386' title='bbox 1137 4065 1159 4103; x_wconf 88' lang='lat'>2,</span> <span class='ocrx_word' id='word_1_387' title='bbox 1173 4061 1198 4093; x_wconf 90' lang='lat' dir='ltr'>n.</span> <span class='ocrx_word' id='word_1_388' title='bbox 1212 4054 1249 4103; x_wconf 71' lang='lat'>465</span> <span class='ocrx_word' id='word_1_389' title='bbox 1264 4044 1416 4096; x_wconf 72' lang='lat' dir='ltr'>Palmreru·</span> 
     </span>
     <span class='ocr_line' id='line_1_56' title="bbox 319 4107 1355 4165; baseline -0.003 -12"><span class='ocrx_word' id='word_1_390' title='bbox 319 4112 374 4165; x_wconf 81' lang='lat' dir='ltr'>opus</span> <span class='ocrx_word' id='word_1_391' title='bbox 384 4107 451 4152; x_wconf 76' lang='lat' dir='ltr'>theol.</span> <span class='ocrx_word' id='word_1_392' title='bbox 465 4114 497 4152; x_wconf 90' lang='lat' dir='ltr'>tr.</span> <span class='ocrx_word' id='word_1_393' title='bbox 511 4123 533 4163; x_wconf 85' lang='lat'>9,</span> <span class='ocrx_word' id='word_1_394' title='bbox 547 4119 570 4152; x_wconf 87' lang='lat' dir='ltr'>c.</span> <span class='ocrx_word' id='word_1_395' title='bbox 586 4123 606 4160; x_wconf 90' lang='lat' dir='ltr'>r,</span> <span class='ocrx_word' id='word_1_396' title='bbox 621 4119 645 4150; x_wconf 94' lang='lat' dir='ltr'>n.</span> <span class='ocrx_word' id='word_1_397' title='bbox 659 4112 701 4160; x_wconf 84' lang='lat'>85;</span> <span class='ocrx_word' id='word_1_398' title='bbox 1349 4141 1355 4150; x_wconf 87' lang='lat'>.</span> 
     </span>
    </p>

    <p class='ocr_par' dir='ltr' id='par_1_16' title="bbox 318 4158 1405 4280">
     <span class='ocr_line' id='line_1_57' title="bbox 347 4158 1405 4221; baseline -0.003 -14"><span class='ocrx_word' id='word_1_399' title='bbox 347 4167 378 4207; x_wconf 78' lang='lat'>2«</span> <span class='ocrx_word' id='word_1_400' title='bbox 397 4164 520 4219; x_wconf 87' lang='lat' dir='ltr'>Monent,</span> <span class='ocrx_word' id='word_1_401' title='bbox 541 4163 581 4210; x_wconf 90' lang='lat' dir='ltr'>sic</span> <span class='ocrx_word' id='word_1_402' title='bbox 598 4162 665 4220; x_wconf 90' lang='lat' dir='ltr'>ipse,</span> <span class='ocrx_word' id='word_1_403' title='bbox 682 4169 773 4209; x_wconf 88' lang='lat' dir='ltr'>tamen</span> <span class='ocrx_word' id='word_1_404' title='bbox 789 4161 834 4209; x_wconf 89' lang='lat' dir='ltr'>vix</span> <span class='ocrx_word' id='word_1_405' title='bbox 850 4166 898 4209; x_wconf 90' lang='lat' dir='ltr'>aut</span> <span class='ocrx_word' id='word_1_406' title='bbox 913 4175 946 4209; x_wconf 91' lang='lat' dir='ltr'>ne</span> <span class='ocrx_word' id='word_1_407' title='bbox 962 4159 1007 4208; x_wconf 86' lang='lat' dir='ltr'>vix</span> <span class='ocrx_word' id='word_1_408' title='bbox 1022 4160 1135 4221; x_wconf 90' lang='lat' dir='ltr'>quidem</span> <span class='ocrx_word' id='word_1_409' title='bbox 1154 4161 1265 4220; x_wconf 86' lang='lat' dir='ltr'>culpam</span> <span class='ocrx_word' id='word_1_410' title='bbox 1282 4158 1405 4218; x_wconf 89' lang='lat' dir='ltr'>aliquam</span> 
     </span>
     <span class='ocr_line' id='line_1_58' title="bbox 318 4219 1097 4280; baseline -0.005 -12"><span class='ocrx_word' id='word_1_411' title='bbox 318 4219 424 4269; x_wconf 89' lang='lat' dir='ltr'>abesse.</span> <span class='ocrx_word' id='word_1_412' title='bbox 437 4219 533 4269; x_wconf 88' lang='lat' dir='ltr'>Aberit</span> <span class='ocrx_word' id='word_1_413' title='bbox 545 4221 633 4280; x_wconf 82' lang='lat' dir='ltr'>culpa.</span> <span class='ocrx_word' id='word_1_414' title='bbox 648 4235 710 4267; x_wconf 91' lang='lat' dir='ltr'>cum</span> <span class='ocrx_word' id='word_1_415' title='bbox 722 4219 849 4267; x_wconf 90' lang='lat' dir='ltr'>subditus</span> <span class='ocrx_word' id='word_1_416' title='bbox 860 4219 946 4268; x_wconf 89' lang='lat' dir='ltr'>utitur</span> <span class='ocrx_word' id='word_1_417' title='bbox 957 4219 1073 4279; x_wconf 88' lang='lat' dir='ltr'>epikeia.</span> <span class='ocrx_word' id='word_1_418' title='bbox 1089 4237 1097 4264; x_wconf 78' lang='grc' dir='ltr'><strong>ι</strong></span> 
     </span>
    </p>
   </div>
   <div class='ocr_carea' id='block_1_10' title="bbox 0 0 1597 5004">
    <p class='ocr_par' dir='ltr' id='par_1_17' title="bbox 0 0 1597 5004">
     <span class='ocr_line' id='line_1_59' title="bbox 0 0 1597 5004; baseline 0 0"><span class='ocrx_word' id='word_1_419' title='bbox 0 0 1597 5004; x_wconf 95' lang='lat' dir='ltr'> </span> 
     </span>
    </p>
   </div>
  </div>
 </body>
</html>
