3142 5004
153 805 284 858 Personalc

122 867 285 925 eluctante·

125 932 186 980 trem:

136 1167 284 1223 Gratuitum,

125 1239 255 1281 onerosrrm,

126 1291 284 1331 remunerato-

78 1384 82 1390 .
125 1345 203 1395 rium·

155 1508 185 1554 M
186 1510 225 1554 otu
232 1509 286 1566 pro·

123 1572 187 1626 prro,
200 1563 231 1632 ad
248 1565 286 1610 in·

127 1629 257 1673 sternam:

157 1706 278 1764 Scriptum

127 1770 152 1832 et
167 1760 287 1829 oraculum

127 1834 194 1869 croac
211 1831 287 1871 vocis:

157 2137 209 2184 Pro
231 2133 289 2196 loro

129 2195 285 2242 conscientiae

130 2257 149 2299 rt
165 2257 210 2312 pro
233 2249 289 2312 soro

128 2317 232 2359 externo.

145 2403 289 2470 Prieilegr'o-

130 2479 183 2531 rum
210 2475 289 2520 acant-

129 2529 203 2572 stttoi

161 2935 280 2992 Interpre-

133 2995 192 3039 tatio
203 3005 209 3042 :

335 447 396 512 206
713 470 780 506 rans
796 471 912 518 obtura.
929 469 1020 506 carus
1036 470 1045 504 1

335 623 416 665 mere
438 614 482 665 est
507 605 583 664 ultra
611 607 708 680 legem
729 623 948 665 communem:
976 623 1004 664 v.
1027 622 1071 679 gr.
1099 603 1225 662 facultas
1250 605 1425 664 absolvendi

337 707 355 747 a
367 691 541 761 reservatis;

373 789 400 866 c)
415 783 577 847 Personalc
596 797 625 846 et
645 783 733 859 reale,
756 797 842 863 prout
856 804 999 862 personae
1018 785 1210 863 conjungitur
1231 785 1288 855 vel,
1314 795 1427 856 contra,

338 874 611 948 competitcuilibet
625 873 786 947 possidenti
796 891 870 944 rem,
885 869 1074 949 dignitatem.
1091 867 1187 929 Mixti
1204 871 1427 944 quodammodo

339 967 409 1016 sunt
421 960 540 1032 generis
555 976 631 1032 quae
642 959 683 1015 ita
697 959 902 1016 conceduntur
917 957 1129 1014 communitati
1143 965 1176 1012 ut
1188 956 1299 1029 singuli
1313 955 1426 1012 sodales

339 1041 382 1116 eis
395 1039 531 1098 fruantur
544 1051 692 1115 quatenus
707 1040 857 1115 pertinent
870 1041 908 1097 ad
924 1041 1005 1098 illam
1023 1039 1269 1098 Universitatem.

375 1139 404 1216 d)
418 1134 607 1209 Gratnitmn,
624 1155 701 1212 quae
714 1148 759 1196 est
771 1156 845 1213 pura
857 1138 1036 1207 liberalitas3
1057 1153 1224 1207 onerosam,
1245 1137 1293 1193 cui
1307 1153 1427 1208 respon·

340 1223 389 1281 det
408 1225 438 1281 in
458 1225 643 1298 privilegiato
663 1233 750 1296 pacta
775 1224 921 1297 quaedam
942 1223 1094 1298 stipulatio
1105 1239 1113 1293 ;
1139 1219 1425 1288 remuneratorium,

340 1308 419 1382 quod
432 1308 541 1364 intuitu
562 1309 800 1378 meritor·um„est
818 1324 1006 1378 concessum,
1027 1307 1089 1364 sive
1105 1325 1145 1364 vex
1164 1307 1297 1383 justitiae
1317 1306 1425 1374 debito,

340 1395 403 1452 sive
416 1411 451 1450 ex
464 1401 549 1466 grato
562 1393 676 1450 anime.

376 1491 403 1566 e)
418 1489 601 1548 Concessum
616 1490 698 1547 motn
714 1485 848 1567 proprio,
863 1489 887 1546 si
897 1498 1063 1563 spontanea
1076 1498 1104 1546 et
1114 1489 1250 1546 ultronea
1263 1487 1423 1554 voluntate,

340 1574 387 1631 vel
397 1574 435 1630 ad
448 1569 573 1632 alterins
582 1569 760 1631 instantiam
770 1592 782 1642 ;

377 1669 399 1747 f)
418 1665 571 1749 Scriptum
591 1681 620 1728 et
640 1666 808 1729 Oraenlnm
821 1667 904 1730 oioae
928 1667 1016 1730 cocis.
1031 1669 1089 1728 Sed
1104 1680 1136 1728 ut
1158 1670 1194 1727 de
1216 1671 1272 1728 isto
1293 1679 1428 1728 constare

341 1757 434 1832 possit
454 1757 486 1813 in
513 1754 576 1813 foro
600 1766 731 1827 externo,
759 1773 835 1830 opus
862 1765 906 1814 est
930 1757 1103 1814 authentico
1126 1757 1318 1826 document0,
1335 1774 1364 1813 v.
1385 1773 1428 1829 gr.

341 1841 513 1900 testimonio
533 1837 713 1896 Officialium
733 1839 841 1898 Curiae
854 1841 905 1913 qui
924 1858 961 1897 ex
973 1837 1070 1896 officio
1085 1841 1116 1895 in
1134 1841 1191 1896 hoc
1204 1857 1303 1896 rerum
1324 1857 1432 1912 genere

340 1935 505 1985 versantur.
526 1924 560 1982 C.
580 1921 670 1983 Alias
681 1919 792 2002 felicis,
814 1923 929 1982 Urbani
943 1940 1008 1983 v111.
1024 1923 1114 1981 Tales
1126 1923 1187 1981 fere
1204 1933 1273 1981 sunt
1287 1923 1431 1981 Praefecti

342 2020 370 2070 et
381 2008 534 2068 Secretarii
544 2007 816 2081 Congregationum
828 2018 857 2064 et
867 2006 1033 2065 Cardinalis
1047 2007 1399 2083 MajorPaenitentiarius
1411 2017 1430 2077 ¹3

377 2115 407 2183 g)
420 2099 485 2166 Pri
497 2101 571 2184 soro
589 2101 781 2163 conscientiae
794 2105 921 2174 tantrnn,
939 2105 1025 2181 cujus
1040 2103 1172 2162 efficacia
1187 2115 1232 2162 est
1245 2107 1283 2163 ad
1300 2107 1429 2179 quietem

342 2193 541 2251 conscientiae
554 2185 588 2248 'et
604 2189 752 2265 justitiam
772 2207 872 2247 coram
893 2189 958 2246 Deo
969 2207 978 2260 ς
1000 2199 1029 2246 et
1042 2191 1100 2267 pro
1114 2185 1189 2267 foro
1201 2192 1329 2262 externo,
1345 2189 1432 2267 cujus

343 2295 415 2335 usus
430 2285 474 2334 est
486 2276 576 2334 etiam
591 2275 621 2331 in
636 2275 843 2332 tribunalibus.

380 2375 469 2431 347.
491 2372 591 2427 Medi
618 2372 855 2438 comparandi
881 2371 1129 2440 privilegium,
1152 2379 1241 2428 sunt:
1265 2386 1290 2428 1.
1312 2369 1434 2427 Directa

343 2451 486 2514 concessio
501 2453 565 2530 ejus
578 2452 664 2528 cujus
678 2461 721 2510 est
732 2452 801 2528 jus;

380 2568 407 2608 2.
423 2545 676 2619 Comrnnnicatio,
690 2549 727 2606 de
740 2567 799 2622 qua
811 2549 946 2607 dicemus
956 2550 1041 2622 infra,
1057 2569 1087 2609 n.
1102 2562 1177 2623 3513

380 2665 407 2722 3.
430 2643 642 2724 Confirmatio,
665 2665 717 2703 seu
737 2647 842 2704 iterata
861 2649 1024 2720 concessio,
1054 2667 1141 2723 quae,
1172 2652 1196 2706 si
1215 2658 1258 2706 est
1282 2647 1311 2705 in
1334 2646 1429 2704 forma

344 2727 474 2810 speciali,
503 2731 604 2810 tribuit
628 2730 677 2804 jus
705 2747 829 2787 novum.
857 2730 940 2788 Haec
966 2733 1077 2790 eruitur
1096 2751 1132 2790 ex
1153 2734 1261 2791 verbis:
1281 2729 1328 2793 Dc
1353 2749 1430 2790 nono
1462 2787 1467 2794 .

344 2809 537 2883 concedimus,
551 2846 585 2854 —
597 2808 649 2870 Ere
658 2815 736 2871 certa
748 2810 881 2886 scientia,
893 2849 929 2858 -
942 2812 995 2875 Ex
1001 2813 1189 2894 plenitudine
1197 2813 1358 2896 potcstatis.

383 2913 472 2968 348.
504 2914 782 2980 Prlvltegiorum
815 2916 1095 2985 interpretat103
1125 2932 1150 2973 1.
1179 2915 1236 2972 Pro
1261 2915 1434 2986 interpreta-

346 2992 436 3050 tionis
450 2993 489 3063 vi,
504 3005 548 3050 est
560 2988 740 3064 nictimine,
756 3012 833 3068 quae
847 2994 880 3052 fit
892 3013 910 3053 a
922 2998 1104 3054 concedente
1117 2999 1163 3055 vel
1177 2998 1243 3074 ejus
1264 2998 1434 3071 superiore3

161 3103 262 3166 span„
339 3072 510 3156 judicialia
535 3094 613 3149 quae
628 3077 739 3154 judicis
765 3080 935 3137 continetur
954 3083 1112 3153 sententia,
1133 3093 1236 3156 estque
1255 3085 1346 3141 etiam
1371 3094 1436 3138 aut·

164 3277 276 3329 Clausala

130 3341 268 3401 prohibens·

347 3163 477 3233 hentica,
492 3172 521 3219 et
530 3158 705 3221 doctrinalis
716 3181 792 3237 quae
807 3163 840 3220 lit
852 3181 870 3221 a
883 3165 1053 3224 virodocto.

382 3255 425 3318 N.
446 3256 486 3318 Β.
512 3258 653 3317 Clausala
681 3261 842 3334 prohibens
872 3259 1142 3342 interpretationem
1173 3265 1366 3338 intelligenda
1390 3273 1435 3321 est

347 3345 458 3402 nonde
473 3362 555 3401 mera
569 3345 778 3416 declaratione,
793 3347 843 3403 sed
856 3347 893 3403 de
905 3344 1145 3426 interpretatione
1162 3345 1260 3407 stricte
1278 3345 1343 3418 tali,
1358 3364 1435 3421 quae

347 3429 436 3487 variis
451 3429 590 3486 subsidiis
603 3440 727 3486 conetur
746 3431 851 3488 elicere
864 3429 1114 3504 significationem
1128 3433 1324 3502 reconditam,
1340 3447 1444 3503 eoque·

275 3517 277 3522 '
348 3513 520 3587 praesertim
543 3519 656 3585 spectat
675 3524 708 3569 ut
730 3523 906 3573 extenuetur
928 3515 973 3570 vis
991 3515 1118 3585 decreti3
1142 3526 1171 3571 et
1193 3524 1354 3588 praeterea,
1378 3513 1436 3570 nisi

164 3810 274 3871 tergatur.
292 3790 295 3795 ’

348 3595 479 3653 severius
491 3606 576 3651 sonet
589 3597 724 3668 vetitum,
732 3598 768 3654 de
779 3599 1020 3671 interpretatione
1030 3617 1106 3672 quae
1119 3598 1172 3655 liat
1183 3594 1437 3676 exprosesso,non

349 3692 431 3735 mere
443 3678 538 3735 obiter
548 3687 576 3735 et
589 3697 640 3753 per
653 3681 852 3738 occasionem.
867 3681 927 3739 Ctr.
942 3682 973 3740 S.
984 3683 1186 3756 Alphonsum,
1198 3683 1218 3741 l.
1232 3699 1259 3739 c.
1274 3700 1305 3740 n.
1318 3679 1346 3739 6.

384 3793 412 3834 a.
428 3774 515 3852 Quod
529 3777 566 3833 ad
580 3774 643 3856 ejns
652 3775 783 3854 regulas,
796 3780 824 3855 a)
835 3779 932 3837 Debet
942 3797 1005 3837 esse
1015 3775 1327 3858 comprehensivamon
1339 3789 1439 3838 exten·

350 3861 422 3932 siva,
436 3861 456 3918 i.
470 3878 496 3919 e.
513 3879 574 3919 non
590 3863 665 3919 ultra
680 3863 741 3920 vim
755 3865 923 3932 verborum,
936 3865 990 3924 etsi
1003 3882 1089 3922 casus
1102 3867 1139 3923 sit
1150 3867 1266 3923 similis.

293 3964 295 3969 '
385 3959 416 4036 b)
429 3952 550 4030 Stricta,
574 3960 598 4016 si
617 3957 704 4017 fuerit
727 3961 914 4034 privilegium
933 3965 1037 4021 eontra
1049 3960 1114 4042 jns,
1138 3963 1184 4020 vel
1200 3979 1374 4034 onerosam,
1391 3958 1449 4020 vel'

297 4043 301 4049 '
350 4061 419 4101 cum
427 4039 616 4122 praejudicio
629 4041 727 4116 tertii,·
741 4041 814 4118 lata,
829 4047 853 4103 si
866 4043 1002 4107 etarrsnm
1013 4049 1133 4126 corpore
1142 4045 1233 4127 jnris,
1247 4050 1293 4107 vel
1306 4064 1441 4108 remrcne-

350 4125 510 4208 rntorinm,
525 4131 572 4189 vel
585 4149 759 4198 concessum
772 4135 856 4192 motn
862 4131 999 4213 proprio.

354 4288 477 4301 ,.-..-...

382 4381 458 4429 tctr.
476 4381 619 4429 Rotarium
635 4384 653 4430 1.
670 4396 694 4429 c.
714 4388 807 4447 punct.
826 4389 847 4440 5,
864 4399 891 4432 n.
909 4401 922 4441 7
932 4399 938 4441 5
957 4390 992 4441 et,
1010 4385 1083 4446 quod
1099 4388 1134 4436 ad
1147 4388 1228 4437 Card.
1242 4385 1303 4447 maj.
1319 4385 1437 4444 Paenit,

352 4440 383 4488 C.
396 4440 486 4486 Pastor
497 4441 568 4487 borres
578 4444 590 4496 S
601 4446 623 4496 5,
636 4441 779 4488 Benenrctr
791 4454 845 4498 stru,
860 4449 886 4489 13
897 4457 941 4502 ap.
957 4459 1023 4501 1744·
