3148 5004
133 1174 277 1233 Evangetica

120 1235 183 1278 ratio
206 1235 277 1279 casti-

22 1323 25 1330 .
120 1293 177 1336 tatis
193 1289 278 1350 persec-

122 1355 165 1396 tae.

334 415 372 476 10
715 441 782 476 rans
798 441 894 478 rainl.
912 436 1003 478 canor
1018 444 1036 479 1.

338 571 401 634 Dei
426 573 613 638 suffocetur
630 577 651 653 ¹,
671 577 887 654 adolescenti,
905 579 944 640 de
968 579 1171 660 perfectione
1189 577 1421 660 interroganti,

341 653 508 719 bonorum
526 658 634 720 suasit
648 660 896 724 abdicationem
909 663 932 724 ².
949 663 1036 744 Quin
1049 662 1151 725 immo
1164 663 1334 745 proprium
1347 681 1422 743 pro·

339 739 451 819 posuit
469 745 670 822 exemplum,
690 763 764 804 cum
782 745 919 805 dixerit:
941 771 954 798 «
973 745 1099 826 Vulpes
1111 745 1227 808 l'oveas'
1242 745 1367 806 habent
1390 752 1420 806 et

340 823 498 884 volucres
512 826 594 886 caeli
608 827 721 886 nidos:
740 826 845 888 Filius
868 835 981 888 autem
998 827 1145 889 hominis
1161 847 1227 889 non
1251 827 1353 889 habet
1366 825 1419 888 ubi

339 914 442 983 caput
469 909 609 969 reclinet
637 907 690 986 ³‚»
724 910 811 988 quod
841 910 982 970 laudans
1013 911 1196 990 Apostolus
1222 910 1357 991 scripsit
1384 911 1418 970 ⁴:

336 1010 351 1077 f
372 986 515 1069 Propter
532 1008 592 1050 vos
608 1009 735 1070 egenus
752 989 862 1051 factus
885 999 936 1052 est
960 1012 1035 1052 cum
1056 1002 1143 1053 esset
1160 995 1265 1071 dives,
1284 1000 1320 1054 ut
1337 992 1420 1054 illius

333 1069 447 1150 inopia
463 1090 524 1133 vos
542 1072 661 1133 divites
678 1073 808 1134 essetis.
830 1099 842 1126 »
1274 1079 1280 1107 ³

380 1178 439 1242 15.
473 1178 657 1242 Consilium
687 1178 889 1239 continentiae
909 1179 1061 1259 perfectae
1091 1181 1189 1242 facile
1223 1183 1354 1244 eruitur
1383 1203 1424 1244 ex

335 1260 458 1322 celebri
473 1262 570 1324 loco⁵
587 1261 642 1321 ubi
660 1260 817 1322 Christus
831 1261 994 1321 Dominus
1008 1263 1172 1322 eunuchis
1192 1283 1212 1324 a
1230 1275 1352 1326 natura
1370 1267 1423 1326 vel

333 1360 374 1402 ex
389 1343 537 1405 humana
554 1343 586 1404 vi
603 1342 729 1416 addidit
745 1363 803 1404 eos
822 1368 834 1395 «
855 1342 909 1421 qui
923 1343 1051 1422 seipsos
1068 1353 1305 1406 castraverunt
1323 1367 1423 1426 prop·

334 1432 386 1486 ter
415 1445 557 1505 regnum
583 1426 753 1486 caelorum
775 1445 804 1500 »3
822 1443 906 1504 quos
922 1423 1011 1485 illico
1034 1427 1280 1488 commendavit
1303 1427 1420 1488 alens:

336 1507 432 1586 «Qui
450 1517 561 1589 potest
585 1525 716 1587 capere,
743 1507 868 1588 capiat.
895 1534 908 1562 »
936 1507 1153 1570 Prudentiam
1181 1514 1294 1572 autem
1320 1509 1420 1570 istam

268 1663 270 1668 Ι
333 1600 445 1666 antea,
474 1590 525 1650 his
552 1589 677 1667 verbis,
709 1591 741 1652 in
772 1590 893 1651 divinis
922 1590 1127 1672 ascripserat
1158 1590 1272 1652 donis:
1303 1616 1316 1645 «
1345 1591 1422 1652 Non

138 2735 282 2794 Evangeliat

124 2797 188 2841 ratio
208 2794 257 2840 obe·

124 2851 284 2898 dientiaereli-

123 2913 212 2969 giosae.

147 3048 284 3097 obedientia

124 3105 285 3166 estcapntreli·

122 3164 283 3222 giosaedisci·

123 3226 210 3283 ptinere.

155 3663 230 3719 Origo
238 3663 285 3720 qius

124 3719 256 3778 evangelica
270 3778 274 3786 Ι

124 3791 284 3826 mininmam·

121 3840 191 3898 testa.

335 1688 451 1733 omnes
468 1671 605 1753 capiunt
621 1672 761 1734 vebum
775 1673 875 1750 istud,
893 1674 950 1734 sed
968 1673 1088 1753 quibus
1104 1674 1221 1734 datum
1237 1679 1301 1734 est.
1321 1700 1334 1728 »

375 1778 489 1840 Locus
505 1798 606 1860 porro
630 1779 693 1841 iste
708 1799 843 1861 semper
865 1781 1056 1841 intellectus
1073 1789 1125 1841 est
1149 1779 1182 1841 in
1205 1779 1359 1841 Ecclesia
1382 1778 1422 1839 de

335 1861 500 1942 spirituali
532 1864 624 1924 cultu
656 1875 838 1944 perpetuae
868 1863 1109 1934 continentiae,
1146 1882 1212 1923 non
1239 1869 1353 1924 autem
1384 1863 1423 1924 de

335 1946 528 2006 exsectione
556 1963 642 2024 quae
665 1945 708 2006 ab
735 1945 830 2007 initio
853 1944 917 2006 fuit
942 1943 976 2005 in
1001 1944 1146 2024 Origene
1165 1945 1374 2025 reprehensa
1391 1953 1422 2005 et

336 2028 529 2108 reprobata.
561 2028 686 2110 Quare,
713 2027 783 2109 jam
807 2028 883 2089 inde
911 2047 931 2087 a
952 2027 1098 2110 Justino,
1124 2025 1278 2107 Apologia
1295 2044 1318 2105 1,
1337 2047 1366 2088 c.
1387 2044 1422 2104 15

335 2109 394 2186 (Μ.
412 2112 447 2173 Ρ.
468 2111 511 2174 G.
535 2116 561 2174 t.
579 2117 609 2189 6,
634 2131 664 2174 c.
682 2114 767 2191 349),
792 2109 931 2171 affertur
955 2115 986 2172 in
1018 2109 1151 2171 laudem
1183 2108 1422 2170 continentiae.

336 2192 529 2266 Genuinum
547 2200 725 2274 praeterea
741 2193 863 2255 mentis
881 2191 1009 2254 Christi
1024 2192 1244 2272 interpretem
1260 2191 1423 2253 habemus

336 2277 547 2356 Apostolum,
569 2296 611 2337 ex
626 2277 778 2357 professo
795 2276 835 2337 de
850 2275 1047 2354 virginitate
1064 2274 1285 2337 disserentem
1301 2274 1333 2335 in
1355 2295 1365 2333 1
1383 2269 1425 2334 ad

337 2358 481 2421 Corinth.
506 2378 571 2437 c.7
595 2349 618 2420 ⁶.
637 2358 735 2441 Quid,
760 2359 849 2436 quod
870 2357 941 2438 jam
966 2357 1048 2418 satis
1080 2357 1318 2418 continebatur
1340 2357 1425 2418 haec

338 2442 506 2502 castitatis
536 2440 701 2522 professio
729 2441 922 2502 hortatione
947 2438 1072 2500 Christi
1099 2459 1165 2519 qua
1188 2439 1323 2500 volebat
1346 2441 1426 2500 ado-

335 2523 519 2583 lescentem
547 2521 708 2584 caelibem
733 2541 768 2582 se
799 2524 974 2592 assectari,
1007 2521 1122 2600 utique
1153 2539 1220 2582 non
1252 2529 1426 2602 assumpta

339 2622 444 2665 uxore
461 2605 514 2665 cui
539 2604 682 2684 apostoli
694 2602 781 2685 jussi
795 2609 892 2664 erant
910 2603 1108 2665 valedicere.

382 2727 491 2792 16.1.
516 2727 708 2790 Secundum
727 2734 897 2810 receptam
920 2726 1094 2788 Ecclesiae
1122 2727 1321 2806 doctrinam,
1347 2725 1423 2789 obe·

338 2809 464 2872 dientia
479 2822 530 2871 est
547 2819 648 2891 caput
665 2808 840 2888 religiosae
864 2809 1070 2889 disciplinae.
1089 2811 1164 2872 Non
1188 2819 1321 2872 tantum
1337 2809 1425 2871 enim

339 2892 375 2953 S.
392 2891 543 2969 Thomas
566 2892 684 2953 scribit
711 2891 740 2954 ⁷:
771 2919 784 2945 «
813 2892 939 2954 Votum
968 2891 1177 2953 obedientiae
1200 2901 1251 2954 est
1275 2891 1426 2973 religioni

339 2975 564 3051 essentialius,
592 3001 605 3030 »
634 2994 752 3035 verum
780 2974 930 3036 etiam-in
955 2975 1032 3054 jure
1059 2974 1223 3036 canonico
1248 2976 1295 3036 ita
1319 2977 1425 3055 primo

339 3055 478 3118 effertur
507 3060 603 3120 loco:
635 3083 648 3110 «
677 3057 801 3136 Magna
835 3057 967 3136 quidem
998 3067 1193 3138 paupertas,
1230 3058 1289 3119 sed
1319 3057 1425 3138 major

339 3138 518 3220 integritas
535 3141 659 3202 bonum
673 3150 735 3215 cst,
751 3138 942 3201 obedientia
959 3139 1155 3216 maximum,
1169 3141 1197 3201 si
1215 3141 1426 3202 custodiatur
1474 3151 1476 3154 ’

339 3222 466 3285 illaesa.
501 3224 586 3284 Nam
617 3222 724 3302 prima
754 3223 866 3300 rebuS,
898 3224 1047 3285 secunda
1077 3224 1183 3298 carni,
1213 3224 1314 3283 tertia
1342 3240 1424 3284 vero

339 3306 441 3368 menti
469 3305 664 3367 dominatur
680 3312 712 3366 et
729 3306 852 3382 animo,
881 3325 965 3385 quos
982 3307 1074 3366 velut
1090 3305 1231 3368 effrenes
1249 3313 1281 3364 et
1301 3304 1425 3365 liberos

341 3388 458 3450 ditioni
475 3389 615 3450 alterius
631 3388 765 3450 humilis
785 3388 868 3469 jugo
891 3388 1047 3469 propriae
1071 3385 1256 3448 voluntatis
1281 3386 1431 3446 adstrin·'

340 3471 400 3550 git.
417 3498 430 3526 >›
449 3470 486 3534 C.
502 3471 744 3552 Quorumdam,
766 3494 793 3550 1,
810 3472 905 3532 Exti.
922 3471 953 3552 J.
972 3486 1054 3546 xxm
1071 3470 1120 3530 De
1135 3464 1294 3528 verberant
1307 3467 1427 3550 signifi-

339 3553 456 3615 catione
472 3555 548 3632 (14).

383 3681 413 3722 2.
428 3659 653 3720 Nihilominus
670 3657 861 3719 obedientia
878 3656 1035 3736 religiosa
1047 3655 1181 3716 videtur
1198 3655 1307 3717 minus
1324 3649 1426 3717 diser-

342 3740 384 3801 tis
401 3741 514 3803 rerbis
537 3761 557 3801 a
583 3741 730 3802 Domino
747 3739 990 3815 commendari,
1004 3744 1105 3818 atque
1119 3739 1151 3800 in
1165 3737 1426 3799 demonstranda

341 3825 539 3904 evangelica
555 3821 627 3903 ejus
644 3823 774 3902 origine
802 3841 868 3882 non
895 3823 993 3902 pauci
1011 3821 1138 3902 experti
1155 3828 1234 3882 sunt
1251 3821 1424 3882 difficulta-

368 4134 376 4168 1
391 4133 420 4180 S.
432 4133 524 4179 Mattli.
540 4139 575 4187 13,
589 4149 626 4179 22.

368 4206 378 4239 ²
394 4204 422 4250 S.
435 4203 526 4250 Mattlz.
543 4219 578 4259 19,
593 4210 669 4249 16-22.
682 4202 733 4256 lta,
771 4215 813 4250 21:
827 4219 835 4247 ι
850 4202 877 4250 Si
891 4201 932 4248 vis
943 4200 1079 4260 perlectus
1090 4200 1247 4257 esse,vade‚
1259 4198 1346 4246 vende
1357 4210 1428 4257 quae

339 4259 434 4318 habes,
447 4269 474 4307 et
484 4261 520 4308 da
530 4258 708 4319 pauperibus.
723 4276 732 4302 ι

368 4330 673 4384 ³S.Mant.a.20.-⁴
690 4329 717 4375 II
737 4328 769 4376 ad
789 4329 846 4376 Cot.
867 4336 889 4383 8,
902 4347 924 4386 9.
939 4328 1030 4374 -⁵S.
1043 4328 1135 4374 Marta.
1149 4344 1185 4385 19,
1207 4324 1353 4373 ima—⁶
1368 4323 1425 4372 Cf.

340 4387 536 4448 expositionem
549 4388 627 4436 istius
635 4386 688 4435 loci
698 4385 799 4435 iactam
810 4386 855 4435 hic
864 4400 956 4446 supra,
972 4395 1019 4446 13.
1031 4387 1079 4422 -7
1095 4403 1117 4433 2.
1129 4401 1152 4441 2,
1164 4399 1191 4444 q.
1203 4391 1252 4440 186,
1266 4388 1316 4430 art.
1331 4390 1367 4430 13.
1456 4411 1458 4415 ν
