3142 5004
139 423 323 505 [290-294]
399 446 436 480 ue
451 441 682 480 oecionrioxisus
697 443 834 480 aesimon
851 442 979 478 exorassr
1169 417 1225 482 lli

150 631 153 638 .
179 587 211 662 a)
229 582 406 661 Inhonesta,
423 599 510 664 quae
526 581 660 646 divinae
672 581 737 663 legi
753 586 944 664 repugnant
962 601 969 657 ;

180 668 213 744 b)
230 666 397 730 Contraria
412 663 545 748 regniac,
572 670 609 726 ut
626 665 833 746 praedicatio
849 665 882 726 in
901 664 1061 745 religione
1078 669 1229 726 contem·

140 751 278 836 platira,
296 749 359 812 nisi
376 748 537 828 Superior
554 747 666 810 valeat
684 746 880 828 dispensare
895 767 902 823 3

180 836 211 910 c)
227 832 335 896 Nimis
356 829 477 892 heroica
494 826 580 910 quae
603 831 670 892 sint
684 834 776 912 supra
799 832 853 892 vel
875 835 962 892 extra
987 829 1163 908 regulam:
1189 834 1227 890 ut

109 945 111 950 ·
140 916 296 996 religioso
310 934 376 976 nen
389 911 588 994 hospitalari
601 931 684 974 cura
696 913 906 975 intirmorum
921 913 1131 991 pestilentiae
1148 929 1227 972 con-

140 1001 231 1079 tagio
253 995 469 1080 afflictorum,
495 995 557 1058 nisi
580 993 647 1058 sint
670 995 819 1077 ejusdem
842 994 986 1058 familiae
1007 996 1061 1057 vel
1076 1001 1228 1057 extrema

141 1083 185 1143 sit
201 1079 392 1144 ,necessitas
414 1077 597 1159 spiritualis
618 1077 757 1140 subsidii
776 1085 802 1154 ¹;
820 1076 938 1140 militia
955 1086 1052 1140 extra
1075 1076 1227 1138 ordinem

143 1163 340 1239 militarem;
358 1161 533 1224 missiones
549 1161 591 1229 ad
607 1170 742 1223 exteras
758 1169 875 1240 gentes
891 1179 976 1240 quae
992 1160 1144 1224 Instituti
1160 1158 1227 1221 fine
1311 1217 1313 1224 χ

143 1265 210 1308 non
226 1245 481 1320 contineantur3
497 1244 746 1308 macerationes
761 1243 1063 1307 extraordinariae.

154 1359 156 1364 ·
184 1328 216 1406 d)
239 1328 342 1389 Plane
357 1325 482 1388 inutilia
497 1328 553 1387 vel
573 1323 719 1403 ridiculo,
738 1331 904 1405 quatenus
914 1325 1008 1392 ,intra
1029 1332 1110 1388 sunt
1123 1344 1228 1404 regu·

141 1413 220 1474 lam.
237 1409 441 1492 Hujusmodi
458 1409 590 1490 quidem
607 1409 770 1491 postulari
788 1416 930 1488 possunt
946 1408 988 1470 ad
1003 1407 1229 1470 exercendam

142 1493 367 1556 obedientiam
384 1513 391 1568 ;
416 1491 632 1574 pertinebunt
649 1501 761 1573 tamen
786 1491 989 1571 regulariter
1004 1492 1046 1552 ad
1071 1491 1230 1553 obedien-

144 1572 1228 1660 tiampert'ectam,potiusquamadnecessariam.Clr.Palmieri,

143 1661 165 1722 l.
185 1679 215 1721 c.
234 1679 267 1721 n.
284 1677 353 1739 175.
373 1662 430 1736 176
445 1677 452 1732 3
469 1655 622 1720 severius
638 1655 725 1734 Piat,
744 1666 768 1718 t.
790 1679 817 1730 1,
837 1676 868 1738 p.
886 1677 959 1736 293.
1150 1681 1152 1684 ·

153 1795 156 1798 .
184 1740 402 1821 Perspicitur,
428 1759 488 1823 pro
521 1739 618 1801 vario
651 1738 717 1800 fine
750 1739 911 1808 Instituti,
942 1741 1026 1802 haec
1051 1739 1152 1802 latius
1181 1738 1233 1801 vel

143 1824 253 1888 minus
269 1829 398 1904 patere.

153 1939 155 1948 ν
185 1907 275 1970 292.
306 1906 475 1984 Quaeres,
514 1903 592 1983 quid
628 1903 656 1965 si
686 1905 817 1984 regula,
853 1910 891 1966 ut
915 1903 964 1969 ,8.
993 1903 1166 1968 Francisci
1198 1910 1231 1967 et

145 1987 325 2052 Societatis
352 1987 444 2070 Jesu,
472 1985 561 2049 dicat
598 1986 785 2068 parendum
818 2005 892 2050 esse
913 1987 954 2050 ‘in
989 1987 1144 2050 omnibus
1178 1987 1233 2052 ubi

145 2077 322 2154 peccatum
337 2089 404 2130 non
418 2069 640 2132 cerneretur?

186 2155 227 2215 R.
251 2151 327 2215 Etsi
349 2152 453 2214 verba
475 2160 543 2214 tam
567 2150 687 2232 gravia
714 2151 792 2231 quid
816 2152 889 2234 plus
913 2171 1036 2214 sonare
1059 2151 1231 2230 videntur,

146 2235 375 2310 nihilominus,
401 2241 437 2296 ut
459 2235 607 2316 plerique
634 2235 763 2311 volunt,
792 2234 1009 2315 intelligenda
1036 2241 1116 2296 sunt
1148 2234 1232 2298 intra

137 2317 218 2397 fines
240 2316 378 2379 [instituti
399 2326 433 2378 et
454 2313 711 2399 regularitate
733 2326 771 2380 ut
793 2317 834 2379 de
858 2317 995 2396 reliquis
1019 2335 1109 2380 mere
1133 2318 1232 2380 detur

1318 1900 1382 1964 Quid
1397 1901 1421 1968 si

1289 1961 1369 2020 regula
1382 1955 1447 2024 dicat

1286 2016 1415 2080 parendum
1424 2017 1450 2062 in

1289 2074 1416 2138 omnibns?

146 2398 306 2462 consitium
327 2398 592 2481 obtemperandi.
617 2399 668 2462 Ita
691 2398 830 2476 Suarez,
847 2399 896 2461 Dc
911 2398 1082 2482 Religion,
1108 2407 1152 2462 tr.
1177 2421 1231 2477 ro,
1296 2449 1299 2452 .
1365 2428 1367 2432 ·

146 2484 166 2544 l.
191 2507 221 2564 4,
241 2502 276 2545 c.
303 2503 357 2560 12;
382 2482 547 2559 Sanclrez,
571 2484 593 2544 l.
610 2500 641 2547 c.
659 2501 689 2545 c.
713 2504 743 2560 2,
763 2502 795 2546 n.
816 2487 870 2558 163
895 2483 1100 2560 Lehmkuhl,
1130 2481 1231 2546 Theoi.

80 2633 83 2638 ,
144 2583 222 2629 mor.
241 2583 263 2644 1,
281 2584 352 2646 5373
367 2565 535 2642 Palmieri,
552 2565 572 2627 l.
588 2585 618 2628 c.
637 2587 663 2643 1,
684 2570 753 2647 176.
771 2567 859 2629 Sunt
879 2573 991 2629 tamen
1008 2566 1064 2646 qui
1081 2565 1233 2630 strictius

145 2649 336 2731 hujusmodi
368 2649 638 2730 interpretantur
667 2648 956 2736 constitutionem.
991 2650 1044 2712 Ita
1081 2649 1232 2728 Lessius‚
1315 2739 1317 2743 Ι

146 2751 175 2794 c.
193 2756 241 2812 41.
263 2752 296 2795 n.
313 2751 352 2812 77
367 2753 375 2809 ;
392 2732 479 2809 Piat,
494 2739 518 2794 t.
536 2755 563 2810 1,
582 2752 614 2812 p.
632 2753 704 2812 293.
1007 2781 1009 2785 -

186 2817 276 2879 293.
295 2819 409 2877 Actus
425 2817 555 2877 interni
573 2814 692 2877 stricte
714 2813 860 2897 praecipi
878 2834 944 2876 non
970 2820 1234 2877 consueverunt.

146 2895 301 2975 Praecipi
319 2915 427 2977 posse,
446 2899 653 2960 contendunt
670 2897 766 2960 multi
789 2899 813 2974 ²;
832 2897 918 2977 quod
941 2897 998 2959 alii
1014 2904 1139 2974 tamen,
1169 2917 1236 2959 non

147 2976 285 3037 minoris
301 2977 461 3053 subsellii,
487 2987 613 3058 negant
638 2979 659 3046 ³,
692 2991 726 3041 et
759 2979 877 3042 melius
901 2980 1046 3060 quidem,
1077 2987 1115 3042 ut
1140 2979 1236 3044 nobis

147 3058 301 3133 videtur3
320 3077 396 3119 cum
419 3058 609 3121 obedientia
634 3081 721 3140 quae
744 3062 872 3123 homini
887 3061 1041 3138 debetur,
1060 3062 1167 3142 qualis
1184 3069 1237 3125 est

148 3139 379 3220 religiosorum
396 3141 479 3216 icti.
497 3161 529 3202 n.
546 3143 622 3218 288,
637 3146 668 3218 2)
686 3163 753 3204 non
770 3144 926 3206 videatur
952 3144 1113 3206 excedere
1139 3163 1236 3222 posse

148 3236 299 3285 mutuam
312 3222 485 3283 hominum
499 3227 807 3300 conversationem,
822 3245 908 3305 quae
925 3227 1073 3288 externis
1090 3226 1234 3289 circum·

147 3304 319 3368 scribitur.
338 3330 351 3359 i
379 3305 524 3366 Possunt
551 3311 676 3382 tamen,
695 3307 786 3370 addit
803 3307 841 3370 C.
859 3308 899 3369 de
917 3309 1026 3388 Lugo,
1046 3311 1066 3371 l.
1087 3328 1116 3371 c.
1134 3317 1235 3370 actus

1317 2813 1453 2884 Deaftiius

1293 2877 1403 2926 internas.

148 3387 270 3452 interni
301 3395 338 3450 ut
367 3387 477 3448 oratio
509 3388 677 3466 mentalis,
710 3409 850 3452 examen
882 3391 1123 3467 conscientiae,
1159 3410 1234 3452 esse
1297 3438 1299 3442 .

149 3467 291 3534 materia
320 3468 531 3533 obedientiae
561 3471 670 3532 minus
699 3473 882 3554 rigorosae,
912 3492 1032 3553 nempe
1056 3493 1123 3535 non
1152 3473 1235 3536 obli·

148 3555 259 3635 gantis
275 3554 337 3614 sub
355 3551 507 3633 rigoroso
524 3561 716 3635 praecepto,
731 3556 789 3619 sed
802 3555 977 3636 dirigentis
990 3563 1023 3618 et
1047 3557 1237 3636 regulantis

148 3644 245 3700 actus
262 3636 397 3712 subditi,
422 3635 509 3714 quod
526 3635 649 3698 sufficit
664 3640 706 3699 a'l
722 3638 947 3700 exercendum
963 3645 1076 3712 actum
1094 3638 1235 3701 virtutis

148 3719 358 3781 obedientiae
371 3721 461 3780 circa
478 3719 533 3780 illa
548 3737 663 3800 opera,
678 3727 715 3783 ut
727 3719 872 3804 explicat
885 3721 1024 3800 Suarez,
1039 3729 1083 3786 tr.
1104 3743 1149 3799 10,
1166 3723 1186 3784 l.
1203 3746 1234 3805 4,

149 3821 179 3864 c.
199 3824 246 3880 13.
262 3805 353 3880 n.'3;
373 3810 406 3863 et
423 3819 451 3862 e.
470 3823 506 3884 14
536 3807 672 3865 nro.»

189 3886 278 3949 294.
305 3885 502 3946 Restitutio
514 3887 695 3964 collapsae
712 3887 920 3964 disciplinae
937 3906 944 3947 ι
963 3908 989 3950 t.
1004 3886 1038 3950 Si
1053 3907 1092 3949 eo
1106 3892 1236 3970 spectet

148 3974 185 4028 ut
202 3967 381 4048 exigantur
397 3986 436 4029 ca
453 3986 539 4047 quae
556 3968 747 4030 necessaria
763 3977 842 4030 sunt
861 3974 896 4031 ut
913 3977 994 4031 vota
1010 3969 1236 4033 observentur

180 4192 186 4226 ¹
199 4191 217 4237 S
240 4189 404 4250 Alphonsus.
419 4191 603 4247 l-4l5.11-40·

176 4250 314 4299 tsnarez.
327 4249 364 4296 De
379 4249 474 4304 tegibus,
493 4249 510 4296 l.
530 4269 550 4305 4.
571 4263 595 4296 c.
619 4266 653 4301 ια,
672 4263 699 4296 n.
719 4257 761 4304 16:
783 4247 1035 4306 Schmalzgrueber,
1047 4249 1074 4298 in
1094 4251 1110 4297 l.
1128 4259 1150 4303 3.
1164 4255 1182 4298 t.
1198 4257 1234 4306 35,

147 4320 175 4353 n.
188 4314 224 4360 67.
239 4315 283 4363 68:
298 4304 461 4362 Lebmkuhl,
475 4320 494 4360 1.
508 4314 550 4364 537
560 4321 566 4362 ;
582 4306 743 4357 Palmieri.l
766 4321 790 4355 c.
803 4321 829 4353 n.
846 4315 902 4363 183:
918 4307 989 4363 Piat,
1002 4314 1021 4355 t.
1037 4325 1057 4363 1,
1070 4323 1096 4366 p.
1111 4316 1165 4356 283.

160 4365 224 4413 1³8.
238 4363 366 4415 Thomas.
378 4379 403 4426 q.
418 4371 527 4420 104,art.
541 4371 562 4419 5.
580 4379 603 4414 c,
615 4364 683 4421 fine;
696 4364 827 4422 Sancbez,
838 4367 855 4413 l.
866 4379 890 4414 c.
903 4379 927 4414 c.
941 4384 963 4423 a,
977 4380 1003 4414 n.
1016 4374 1030 4414 6
1039 4379 1045 4423 ;
1057 4367 1088 4416 C.
1100 4366 1134 4415 de
1144 4367 1232 4428 Lago,

149 4421 266 4483 Responsa
278 4423 390 4480 moralia,
404 4423 420 4470 l.
434 4431 454 4472 6,
467 4437 491 4471 c.
503 4440 526 4480 7,
536 4438 563 4470 n.
579 4441 615 4471 11.
863 4460 865 4464 .

1324 3895 1446 3956 Quaenam

1295 3954 1386 4012 imponi
1404 3959 1458 4014 pos·

1294 4015 1326 4059 sit
1341 4012 1459 4058 restitutio

1294 4070 1444 4130 disciptinae.
