3148 5004
350 437 410 500 100
636 459 704 496 raas
719 459 842 509 putare.
859 459 955 495 suerro
970 459 990 494 1.
1008 457 1100 494 estur
1115 457 1147 494 111

350 612 412 654 non
427 595 622 668 prohibentur
634 596 691 668 hoc¹
699 595 767 672 jure
779 595 936 654 admittere
948 596 1153 653 adolescentes
1165 595 1217 670 qui
1234 614 1268 670 14
1277 615 1374 656 annos
1384 598 1445 658 sint

349 679 422 738 uati.
436 679 601 750 Praeterea,
609 692 768 754 postquam
780 680 926 738 obsolevit
937 698 1008 738 usus
1018 679 1162 738 offerendi
1172 679 1251 736 filios
1261 682 1440 756 impuberes,

350 765 459 838 exigua
471 764 587 823 videtur
600 765 701 822 habita
716 782 781 822 esse
795 765 886 840 hujus
898 765 1006 824 decreti
1020 765 1106 822 ratio.
1119 765 1143 820 A
1159 766 1309 838 plerisque
1321 767 1442 841 scripto·

348 850 430 907 ribus
441 859 449 888 ¹
461 850 622 923 ignoratur,
634 851 759 923 ipsaque
770 847 801 906 S.
810 849 1018 922 Congregatio,
1027 849 1130 906 litteris
1140 849 1300 921 encyclicis
1312 866 1345 924 19
1354 861 1441 910 mart.

352 934 422 1008 1857
435 942 456 1004 ²,
477 935 575 1007 potius
601 933 702 1008 rejecit
727 935 765 990 ad
788 932 822 990 C.
850 931 1015 989 Clementis
1039 948 1094 989 vrri
1120 929 1154 990 ia
1176 926 1327 1010 Suprema
1350 951 1441 1008 quam

349 1018 386 1074 ad
406 1015 557 1076 decretum
578 1017 654 1074 istud
669 1035 729 1092 quo
742 1017 912 1075 sanctiones
930 1015 1094 1073 Clementis
1107 1031 1162 1073 v111
1176 1027 1206 1073 et
1218 1017 1382 1074 Alexandri
1399 1033 1442 1079 vlt

351 1103 604 1160 instaurabantur.
626 1102 764 1176 Denique
785 1101 933 1159 omittitur
950 1103 1030 1159 idem
1050 1102 1202 1159 decretum
1218 1102 1249 1158 in
1269 1103 1442 1176 Appendice

348 1190 399 1262 qui
409 1190 490 1262 apud
503 1184 643 1258 Bizzarri,
659 1206 687 1262 p.
702 1189 765 1262 895,
782 1188 848 1244 ideo
859 1197 904 1244 est
913 1186 1098 1259 conscriptus
1109 1197 1143 1243 ut
1155 1187 1291 1260 expedite
1302 1186 1441 1260 cognosci

348 1273 483 1329 valerent
505 1272 664 1345 requisitae
683 1272 840 1346 qualitates
851 1290 859 1343 3
880 1272 953 1328 dum
973 1284 1076 1328 contra
1096 1283 1281 1329 memoratur
1304 1272 1352 1328 lex
1376 1270 1441 1330 Cle-

350 1355 461 1412 mentis
475 1371 530 1413 vrri
549 1357 733 1430 praecipiens
748 1367 781 1412 ut
793 1356 969 1413 admittendi
984 1373 1020 1412 ea
1039 1356 1099 1412 sint
1117 1367 1215 1412 aetate
1227 1373 1319 1429 quam
1334 1353 1441 1429 praefi-

350 1439 439 1496 niunt
460 1438 580 1497 Ordinis
599 1441 836 1498 constitutiones.
852 1439 968 1498 Recens
986 1448 1089 1496 tamen
1109 1438 1146 1496 R.
1162 1438 1201 1497 D.
1216 1438 1384 1510 Nervegna,
1407 1441 1438 1496 in

351 1541 406 1580 suo
425 1541 513 1597 opere
532 1522 579 1580 De
590 1521 664 1603 jare
679 1522 814 1602 practico
833 1519 1048 1602 Regularr'am,
1076 1543 1104 1598 p.
1128 1539 1230 1599 91·97‚-
1247 1524 1334 1580 valde
1354 1531 1439 1598 urget

349 1609 500 1665 decretum
514 1608 547 1666 16
551 1627 563 1682 7
566 1623 583 1684 5
593 1610 1013 1684 etmemoratregulasservari
1021 1609 1123 1666 solitas
1133 1627 1151 1666 a
1160 1607 1191 1666 S.
1201 1608 1440 1682 Congregatione

349 1693 381 1748 in
394 1693 594 1766 dispensando
607 1694 637 1750 in
652 1706 750 1752 aetate
763 1695 804 1751 ibi
817 1695 969 1769 requisita.

162 1799 280 1872 Quadra
392 1812 423 1870 4.
455 1790 601 1853 Conversi
630 1812 690 1854 seu
720 1791 795 1855 laici
821 1801 992 1874 nequeunt
1022 1791 1125 1875 recipi
1155 1790 1220 1855 nisi
1247 1803 1324 1855 auum
1359 1810 1439 1854 suae

133 1859 217 1908 W·
349 1876 474 1934 aetatis
504 1893 630 1936 aunum
660 1877 846 1956 attigerint.
887 1878 939 1939 Ita
965 1896 1007 1938 ex
1033 1875 1072 1938 C.
1104 1873 1287 1938 Clementis
1315 1890 1376 1935 vrri
1400 1875 1438 1935 In

349 1959 501 2036 suprema.
512 1957 587 2020 Hoc
600 1968 713 2020 tamen
728 1960 883 2021 usubene
896 1959 1071 2021 observari
1079 1957 1177 2020 nobis
1191 1977 1258 2019 non
1272 1955 1436 2031 cons-tau,

350 2041 505 2117 quamvis
521 2041 625 2103 tacite
640 2042 877 2104 confirmatum
892 2041 995 2104 fuerit
1020 2042 1056 2104 S.
1082 2040 1209 2119 Congr.
1229 2059 1330 2122 super
1347 2045 1439 2101 statu

350 2121 569 2202 Regularium
593 2125 773 2207 encyclicis
803 2125 934 2199 litteris,
964 2125 1085 2204 quibus
1110 2123 1274 2205 jubentur
1304 2123 1379 2185 laici
1405 2131 1438 2183 et

350 2209 506 2268 conversi
532 2214 613 2269 vota
639 2209 792 2270 emittere
817 2233 830 2262 α
855 2218 1032 2290 postquam
1055 2207 1194 2268 adeam
1223 2203 1439 2288 pervenerint

228 2349 255 2359 ,,
350 2296 498 2352 aetatem
523 2311 608 2371 quae
632 2293 663 2354 in
689 2292 726 2355 C.
751 2291 934 2354 Clementis
949 2307 1012 2353 vr11
1035 2288 1214 2372 incipiente
1237 2291 1275 2351 In
1298 2291 1439 2369 suprema

133 2349 294 2454 άαζωὲξξξξῖζξ
351 2375 530 2450 praefinita
544 2385 642 2437 est.»
712 2421 718 2436 .

134 2465 243 2512 rationes.
393 2474 423 2533 5.
447 2458 661 2520 Potissimum
685 2477 764 2519 suas
787 2456 928 2537 quisque
952 2456 1142 2518 consideret
1165 2455 1437 2517 constitutiones.

162 2546 200 2592 De
221 2549 297 2592 aetaa
396 2540 482 2603 165.
514 2541 675 2618 Quaeres
704 2560 771 2619 qua
800 2550 912 2602 aetate
943 2539 1045 2621 recipi
1077 2538 1206 2618 possint
1236 2536 1343 2599 Oblata·
1379 2555 1437 2598 seu

135 2601 279 2707 ssss'sffigzm’
350 2620 482 2691 Donati,
499 2621 706 2698 Postulaates,
721 2631 786 2684 ete.

135 2720 200 2771 rrum,
213 2722 255 2766 ea.
393 2704 432 2764 R.
443 2704 496 2766 Ex
508 2706 655 2766 Decreto
672 2710 707 2768 16
720 2707 797 2768 maii
814 2711 889 2786 1675
904 2708 1085 2784 (quatenus
1097 2711 1148 2766 est
1162 2723 1224 2766 usu
1238 2705 1435 2784 receptum),

351 2785 405 2847 isti
429 2806 545 2848 omnes
569 2787 689 2849 debent
713 2790 897 2851 excessisse
920 2787 1119 2867 vigesimum
1147 2787 1269 2848 aetatis
1296 2805 1434 2846 annum.

350 2869 575 2951 Excipiendos
599 2881 711 2932 tamen
728 2873 936 2934 arbitramur
952 2890 1010 2932 eos
1033 2872 1250 2932 Postulantes
1274 2869 1331 2948 qui
1348 2869 1380 2931 in
1397 2885 1437 2928 eo

350 2963 430 3013 sunt
442 2962 479 3013 ut
492 2962 693 3033 coopteutur
706 2954 739 3015 in
753 2974 932 3016 numerum
948 2954 1152 3016 novitiorum
1167 2953 1222 3032 qui
1235 2953 1438 3014 addicuntur

350 3034 466 3096 choro.
484 3035 589 3096 Facta
605 3037 692 3099 enim
709 3037 843 3098 licentia
859 3036 1040 3118 recipiendi
1057 3035 1362 3098 novitios-clericos
1379 3033 1436 3112 qui

352 3136 387 3195 15
404 3117 471 3179 sint
493 3127 600 3181 annos
616 3119 698 3196 nati,
723 3121 917 3182 continetur
939 3118 1083 3181 facultas
1108 3118 1305 3181 admittendi
1328 3117 1436 3179 dictos

349 3200 564 3264 Postulantcs
576 3203 726 3283 ejusdem
741 3206 876 3266 aetatis.

373 3401 568 3449 auricomis
591 3404 627 3448 11.
653 3388 693 3450 lle
715 3355 893 3468 qualitatum
916 3385 1086 3467 counitione
1107 3384 1177 3449 aule
1199 3381 1408 3449 constituenda

346 3543 472 3611 Suarez,
485 3546 525 3599 De
542 3545 692 3613 Ralipioae,
714 3545 749 3598 tr.
767 3548 790 3608 7,
803 3546 821 3598 l.
832 3549 857 3609 5,
870 3562 893 3600 o.
908 3548 946 3606 10.
958 3561 985 3600 n.
1000 3548 1091 3610 11-173
1109 3546 1280 3611 Passerinr'‚
1290 3544 1330 3599 De
1341 3540 1436 3599 Mami-

380 3638 448 3676 aam
468 3624 603 3691 Slalibas,
627 3623 646 3678 t.
664 3627 687 3686 3,
708 3640 733 3693 p.
748 3627 877 3691 172-180;
900 3627 1112 3693 Reillenstuel,
1130 3625 1160 3678 in
1173 3625 1190 3676 l.
1203 3625 1227 3685 3,
1245 3624 1264 3676 t.
1277 3625 1307 3677 31
1320 3634 1326 3686 ;
1338 3623 1437 3676 Pelli-

382 3703 496 3764 2arias‚
520 3705 652 3761 Maauala
675 3706 867 3773 Reaalara'ura,
886 3707 920 3760 tr.
944 3707 968 3769 2,
991 3721 1014 3760 o.
1038 3707 1070 3770 33
1098 3703 1293 3764 Tamburini,
1314 3704 1353 3757 Da
1370 3701 1437 3768 jara

379 3779 529 3843 illibatam,
549 3782 568 3834 t.
581 3785 604 3845 3,
617 3783 642 3837 d.
655 3785 678 3846 6,
692 3799 716 3852 q.
728 3787 760 3850 4;
780 3787 883 3848 Melet,
896 3788 935 3841 Da
948 3785 1098 3842 Ordinibus
1111 3787 1136 3840 al
1156 3780 1433 3851 Coaorapatioaibas,

380 3873 403 3911 o.
427 3861 451 3922 6,
483 3875 510 3914 n.
535 3864 627 3928 7o74;
650 3865 762 3929 Boulis,
784 3867 823 3920 De
848 3868 916 3922 lare
936 3864 1127 3933 ripuariam,
1152 3864 1171 3916 t.
1196 3865 1219 3924 l,
1241 3876 1268 3929 p.
1288 3861 1345 3915 552.
1368 3860 1437 3922 553;

379 3939 507 4004 567-575;
525 3942 769 4012 Santi-Leitner,
791 3945 994 4001 praelationes
1010 3943 1087 4011 juris
1107 3943 1246 4009 caaoaioi,
1272 3942 1290 3994 l.
1311 3941 1335 4004 3,
1355 3941 1374 3992 t.
1395 3940 1436 4002 31,

380 4030 407 4069 n.
427 4019 459 4083 6;
481 4021 559 4082 Piat,
576 4023 778 4079 Praelaatioaes
795 4023 872 4090 juris
894 4038 951 4091 rep.
972 4035 989 4086 Ι,
1009 4037 1036 4090 p.
1050 4021 1083 4074 82
1101 4033 1177 4088 sqq.;
1197 4021 1338 4088 Anqelus
1353 4017 1434 4072 aSS.

382 4097 490 4166 Corde,
504 4101 644 4170 Manuale,
660 4103 721 4164 etc,
733 4117 759 4170 p.
772 4103 856 4158 73-78.

376 4281 451 4331 lCir.
464 4297 490 4330 v.
503 4295 541 4342 gr.
556 4283 643 4332 Bouix
655 4297 664 4332 1
680 4285 718 4331 De
732 4286 792 4338 Jure
806 4284 880 4343 Regul
901 4300 925 4344 p.
941 4292 998 4340 553:
1016 4284 1102 4341 Santi,
1115 4283 1230 4331 Praelecl.
1234 4284 1301 4342 juris
1314 4282 1431 4333 canonici,

347 4339 364 4386 l.
379 4347 400 4395 3,
413 4348 431 4387 t.
446 4348 481 4395 31,
494 4356 521 4389 n.
533 4349 563 4398 6;
578 4344 618 4389 De
630 4343 749 4398 Angelis,
762 4344 900 4402 Praeljur.
916 4358 969 4390 can.
983 4345 999 4390 l.
1014 4353 1036 4400 3,
1047 4352 1065 4391 t.
1077 4351 1113 4399 31,
1126 4358 1152 4402 p.
1162 4361 1200 4401 99·

373 4398 428 4443 tue
439 4405 544 4463 uotorum
556 4401 698 4458 simplicium
706 4403 858 4460 professione.
872 4403 952 4461 Apud
965 4401 1086 4449 Bizzarri
1099 4416 1126 4460 p.
1139 4419 1191 4457 904·

375 4456 386 4490 3
405 4454 575 4518 Ρεὶίιῑατίιιε,
593 4457 716 4511 Manuale,
730 4467 763 4506 tr.
777 4467 798 4512 3,
811 4471 835 4507 c.
848 4476 867 4507 1.
877 4472 904 4506 n.
917 4471 954 4516 40:
966 4460 1063 4515 Bouix,
1076 4460 1113 4506 De
1127 4459 1187 4510 Jure
1201 4457 1258 4515 Reg.
1271 4461 1290 4502 t.
1304 4474 1325 4514 1,
1335 4471 1362 4515 p.
1374 4461 1431 4513 554ς

347 4511 486 4570 Crarsson,
498 4513 613 4560 Manuale
618 4516 684 4573 juras
694 4517 812 4566 canonici.
824 4523 893 4564 2638.
