<?xml version="1.0" encoding="UTF-8"?>
<!DOCTYPE html PUBLIC "-//W3C//DTD XHTML 1.0 Transitional//EN"
    "http://www.w3.org/TR/xhtml1/DTD/xhtml1-transitional.dtd">
<html xmlns="http://www.w3.org/1999/xhtml" xml:lang="en" lang="en">
 <head>
  <title>
</title>
<meta http-equiv="Content-Type" content="text/html;charset=utf-8" />
  <meta name='ocr-system' content='tesseract 3.04.00' />
  <meta name='ocr-capabilities' content='ocr_page ocr_carea ocr_par ocr_line ocrx_word'/>
</head>
<body>
  <div class='ocr_page' id='page_1' title='image "./dereligiosisins00vermgoog_0099.png"; bbox 0 0 3148 5004; ppageno 0'>
   <div class='ocr_carea' id='block_1_1' title="bbox 131 497 288 660">
    <p class='ocr_par' dir='ltr' id='par_1_1' title="bbox 131 497 288 660">
     <span class='ocr_line' id='line_1_1' title="bbox 163 497 251 545; baseline 0 -1"><span class='ocrx_word' id='word_1_1' title='bbox 163 497 251 545; x_wconf 80' lang='lat' dir='ltr'>Variae</span> 
     </span>
     <span class='ocr_line' id='line_1_2' title="bbox 131 555 288 614; baseline -0.006 -12"><span class='ocrx_word' id='word_1_2' title='bbox 131 555 212 604; x_wconf 73' lang='lat' dir='ltr'>domas</span> <span class='ocrx_word' id='word_1_3' title='bbox 223 569 288 614; x_wconf 81' lang='lat' dir='ltr'>regu·</span> 
     </span>
     <span class='ocr_line' id='line_1_3' title="bbox 132 614 229 660; baseline 0 0"><span class='ocrx_word' id='word_1_4' title='bbox 132 614 229 660; x_wconf 79' lang='lat' dir='ltr'>larium.</span> 
     </span>
    </p>
   </div>
   <div class='ocr_carea' id='block_1_2' title="bbox 130 697 289 815">
    <p class='ocr_par' dir='ltr' id='par_1_2' title="bbox 130 697 289 815">
     <span class='ocr_line' id='line_1_4' title="bbox 158 697 289 744; baseline 0 0"><span class='ocrx_word' id='word_1_5' title='bbox 158 697 289 744; x_wconf 80' lang='lat' dir='ltr'>Hatitatio</span> 
     </span>
     <span class='ocr_line' id='line_1_5' title="bbox 130 756 278 815; baseline 0 -14"><span class='ocrx_word' id='word_1_6' title='bbox 130 756 278 815; x_wconf 81' lang='lat' dir='ltr'>temporalis,</span> 
     </span>
    </p>
   </div>
   <div class='ocr_carea' id='block_1_3' title="bbox 161 852 281 1072">
    <p class='ocr_par' dir='ltr' id='par_1_3' title="bbox 161 852 281 1072">
     <span class='ocr_line' id='line_1_6' title="bbox 161 852 281 908; baseline 0 -10"><span class='ocrx_word' id='word_1_7' title='bbox 161 852 281 908; x_wconf 78' lang='lat' dir='ltr'>Graecia,</span> 
     </span>
     <span class='ocr_line' id='line_1_7' title="bbox 163 1013 239 1072; baseline 0 -10"><span class='ocrx_word' id='word_1_8' title='bbox 163 1013 239 1072; x_wconf 84' lang='lat' dir='ltr'>Villa,</span> 
     </span>
    </p>
   </div>
   <div class='ocr_carea' id='block_1_4' title="bbox 130 1181 281 1242">
    <p class='ocr_par' dir='ltr' id='par_1_4' title="bbox 130 1181 281 1242">
     <span class='ocr_line' id='line_1_8' title="bbox 130 1181 281 1242; baseline -0.026 -12"><span class='ocrx_word' id='word_1_9' title='bbox 130 1181 281 1242; x_wconf 75' lang='lat' dir='ltr'><em>Hospitium,</em></span> 
     </span>
    </p>
   </div>
   <div class='ocr_carea' id='block_1_5' title="bbox 47 1429 290 1478">
    <p class='ocr_par' dir='ltr' id='par_1_5' title="bbox 47 1429 290 1478">
     <span class='ocr_line' id='line_1_9' title="bbox 47 1429 290 1478; baseline 0.008 -2"><span class='ocrx_word' id='word_1_10' title='bbox 47 1439 53 1454; x_wconf 86' lang='lat'><strong><em>¹</em></strong></span> <span class='ocrx_word' id='word_1_11' title='bbox 154 1429 290 1478; x_wconf 80' lang='lat' dir='ltr'>Residentia</span> 
     </span>
    </p>
   </div>
   <div class='ocr_carea' id='block_1_6' title="bbox 132 1487 266 1551">
    <p class='ocr_par' dir='ltr' id='par_1_6' title="bbox 132 1487 266 1551">
     <span class='ocr_line' id='line_1_10' title="bbox 132 1487 266 1551; baseline 0.015 -16"><span class='ocrx_word' id='word_1_12' title='bbox 132 1487 266 1551; x_wconf 67' lang='lat' dir='ltr'>tamaius.</span> 
     </span>
    </p>
   </div>
   <div class='ocr_carea' id='block_1_7' title="bbox 133 2289 292 2623">
    <p class='ocr_par' dir='ltr' id='par_1_7' title="bbox 133 2289 292 2623">
     <span class='ocr_line' id='line_1_11' title="bbox 164 2289 284 2348; baseline -0.008 -14"><span class='ocrx_word' id='word_1_13' title='bbox 164 2289 284 2348; x_wconf 77' lang='lat' dir='ltr'><strong><em>Quaenam</em></strong></span> 
     </span>
     <span class='ocr_line' id='line_1_12' title="bbox 133 2345 292 2403; baseline -0.025 -10"><span class='ocrx_word' id='word_1_14' title='bbox 133 2345 214 2393; x_wconf 71' lang='lat' dir='ltr'>domm</span> <span class='ocrx_word' id='word_1_15' title='bbox 231 2345 292 2403; x_wconf 84' lang='lat' dir='ltr'>erigi</span> 
     </span>
     <span class='ocr_line' id='line_1_13' title="bbox 133 2409 245 2462; baseline -0.027 -11"><span class='ocrx_word' id='word_1_16' title='bbox 133 2409 245 2462; x_wconf 80' lang='lat' dir='ltr'><em>nequeant</em></span> 
     </span>
     <span class='ocr_line' id='line_1_14' title="bbox 133 2460 292 2508; baseline -0.013 -1"><span class='ocrx_word' id='word_1_17' title='bbox 133 2463 184 2507; x_wconf 82' lang='lat' dir='ltr'>siae</span> <span class='ocrx_word' id='word_1_18' title='bbox 205 2460 292 2508; x_wconf 80' lang='lat' dir='ltr'>sollem-</span> 
     </span>
     <span class='ocr_line' id='line_1_15' title="bbox 133 2519 248 2574; baseline -0.017 -8"><span class='ocrx_word' id='word_1_19' title='bbox 133 2519 248 2574; x_wconf 72' lang='lat' dir='ltr'>nitatibus</span> 
     </span>
     <span class='ocr_line' id='line_1_16' title="bbox 134 2577 204 2623; baseline 0.014 -1"><span class='ocrx_word' id='word_1_20' title='bbox 134 2577 204 2623; x_wconf 73' lang='lat' dir='ltr'>turis.</span> 
     </span>
    </p>
   </div>
   <div class='ocr_carea' id='block_1_8' title="bbox 131 3514 289 3621">
    <p class='ocr_par' dir='ltr' id='par_1_8' title="bbox 131 3514 289 3621">
     <span class='ocr_line' id='line_1_17' title="bbox 131 3514 289 3562; baseline 0.025 -3"><span class='ocrx_word' id='word_1_21' title='bbox 131 3514 289 3562; x_wconf 72' lang='lat' dir='ltr'>Summam·</span> 
     </span>
     <span class='ocr_line' id='line_1_18' title="bbox 131 3571 259 3621; baseline 0.031 -4"><span class='ocrx_word' id='word_1_22' title='bbox 131 3571 259 3621; x_wconf 78' lang='lat' dir='ltr'>diatonum.</span> 
     </span>
    </p>
   </div>
   <div class='ocr_carea' id='block_1_9' title="bbox 343 427 1059 490">
    <p class='ocr_par' dir='ltr' id='par_1_9' title="bbox 343 427 1059 490">
     <span class='ocr_line' id='line_1_19' title="bbox 343 427 1059 490; baseline -0.006 0"><span class='ocrx_word' id='word_1_23' title='bbox 343 427 383 490; x_wconf 73' lang='grc'>64</span> <span class='ocrx_word' id='word_1_24' title='bbox 724 451 792 488; x_wconf 75' lang='lat' dir='ltr'>elus</span> <span class='ocrx_word' id='word_1_25' title='bbox 805 451 918 487; x_wconf 70' lang='lat' dir='ltr'>renim.</span> <span class='ocrx_word' id='word_1_26' title='bbox 934 451 1026 487; x_wconf 77' lang='lat' dir='ltr'>carus</span> <span class='ocrx_word' id='word_1_27' title='bbox 1040 452 1059 487; x_wconf 90' lang='lat'>11</span> 
     </span>
    </p>
   </div>
   <div class='ocr_carea' id='block_1_10' title="bbox 344 585 1442 1744">
    <p class='ocr_par' dir='ltr' id='par_1_10' title="bbox 390 585 1203 671">
     <span class='ocr_line' id='line_1_20' title="bbox 390 585 1203 671; baseline -0.002 -19"><span class='ocrx_word' id='word_1_28' title='bbox 390 588 474 652; x_wconf 90' lang='lat'>101.</span> <span class='ocrx_word' id='word_1_29' title='bbox 494 588 571 651; x_wconf 89' lang='lat' dir='ltr'>Non</span> <span class='ocrx_word' id='word_1_30' title='bbox 586 593 666 650; x_wconf 90' lang='lat' dir='ltr'>sunt</span> <span class='ocrx_word' id='word_1_31' title='bbox 682 585 796 669; x_wconf 89' lang='lat' dir='ltr'>itaque</span> <span class='ocrx_word' id='word_1_32' title='bbox 813 587 948 671; x_wconf 84' lang='lat' dir='ltr'>proprie</span> <span class='ocrx_word' id='word_1_33' title='bbox 964 592 1152 650; x_wconf 86' lang='lat' dir='ltr'>conventus</span> <span class='ocrx_word' id='word_1_34' title='bbox 1169 587 1203 651; x_wconf 85' lang='lat'>¹:</span> 
     </span>
    </p>

    <p class='ocr_par' dir='ltr' id='par_1_11' title="bbox 345 669 1442 832">
     <span class='ocr_line' id='line_1_21' title="bbox 388 669 1442 753; baseline 0 -21"><span class='ocrx_word' id='word_1_35' title='bbox 388 692 416 733; x_wconf 92' lang='lat'>1.</span> <span class='ocrx_word' id='word_1_36' title='bbox 444 672 554 734; x_wconf 89' lang='lat' dir='ltr'>Aedes</span> <span class='ocrx_word' id='word_1_37' title='bbox 582 690 665 752; x_wconf 92' lang='lat' dir='ltr'>quas</span> <span class='ocrx_word' id='word_1_38' title='bbox 697 669 855 746; x_wconf 70' lang='lat' dir='ltr'>religiosi,</span> <span class='ocrx_word' id='word_1_39' title='bbox 883 670 961 732; x_wconf 90' lang='lat' dir='ltr'>sede</span> <span class='ocrx_word' id='word_1_40' title='bbox 997 670 1095 753; x_wconf 90' lang='lat' dir='ltr'>pulsi,</span> <span class='ocrx_word' id='word_1_41' title='bbox 1124 669 1258 734; x_wconf 86' lang='lat' dir='ltr'>interim</span> <span class='ocrx_word' id='word_1_42' title='bbox 1289 671 1442 734; x_wconf 91' lang='lat' dir='ltr'>incolunt</span> 
     </span>
     <span class='ocr_line' id='line_1_22' title="bbox 345 752 936 832; baseline 0.003 -19"><span class='ocrx_word' id='word_1_43' title='bbox 345 752 424 816; x_wconf 92' lang='lat' dir='ltr'>dum</span> <span class='ocrx_word' id='word_1_44' title='bbox 442 762 613 832; x_wconf 90' lang='lat' dir='ltr'>quaerunt</span> <span class='ocrx_word' id='word_1_45' title='bbox 629 753 690 816; x_wconf 90' lang='lat' dir='ltr'>sibi</span> <span class='ocrx_word' id='word_1_46' title='bbox 711 752 914 816; x_wconf 90' lang='lat' dir='ltr'>domicilium</span> <span class='ocrx_word' id='word_1_47' title='bbox 930 774 936 830; x_wconf 90' lang='lat'>;</span> 
     </span>
    </p>

    <p class='ocr_par' dir='ltr' id='par_1_12' title="bbox 344 835 1440 1000">
     <span class='ocr_line' id='line_1_23' title="bbox 386 835 1440 918; baseline 0 -21"><span class='ocrx_word' id='word_1_48' title='bbox 386 856 416 898; x_wconf 87' lang='lat'>2.</span> <span class='ocrx_word' id='word_1_49' title='bbox 446 837 602 900; x_wconf 80' lang='lat' dir='ltr'>Graeciae</span> <span class='ocrx_word' id='word_1_50' title='bbox 624 855 738 918; x_wconf 87' lang='lat' dir='ltr'>presse</span> <span class='ocrx_word' id='word_1_51' title='bbox 761 836 884 913; x_wconf 90' lang='lat' dir='ltr'>dictae,</span> <span class='ocrx_word' id='word_1_52' title='bbox 902 855 962 897; x_wconf 88' lang='lat' dir='ltr'>seu</span> <span class='ocrx_word' id='word_1_53' title='bbox 980 835 1112 916; x_wconf 75' lang='lat' dir='ltr'>praedia</span> <span class='ocrx_word' id='word_1_54' title='bbox 1134 837 1251 899; x_wconf 83' lang='lat' dir='ltr'>rustica</span> <span class='ocrx_word' id='word_1_55' title='bbox 1272 837 1329 900; x_wconf 91' lang='lat' dir='ltr'>ubi</span> <span class='ocrx_word' id='word_1_56' title='bbox 1351 855 1440 897; x_wconf 87' lang='lat' dir='ltr'>unus</span> 
     </span>
     <span class='ocr_line' id='line_1_24' title="bbox 344 918 1342 1000; baseline 0.002 -21"><span class='ocrx_word' id='word_1_57' title='bbox 344 921 398 981; x_wconf 89' lang='lat' dir='ltr'>vel</span> <span class='ocrx_word' id='word_1_58' title='bbox 411 921 497 982; x_wconf 86' lang='lat' dir='ltr'>alter</span> <span class='ocrx_word' id='word_1_59' title='bbox 514 918 693 998; x_wconf 88' lang='lat' dir='ltr'>religiosus</span> <span class='ocrx_word' id='word_1_60' title='bbox 710 920 945 981; x_wconf 91' lang='lat' dir='ltr'>oeconomicas</span> <span class='ocrx_word' id='word_1_61' title='bbox 962 938 1016 980; x_wconf 91' lang='lat' dir='ltr'>res</span> <span class='ocrx_word' id='word_1_62' title='bbox 1033 938 1218 1000; x_wconf 88' lang='lat' dir='ltr'>procurare</span> <span class='ocrx_word' id='word_1_63' title='bbox 1234 922 1320 982; x_wconf 91' lang='lat' dir='ltr'>solet</span> <span class='ocrx_word' id='word_1_64' title='bbox 1335 940 1342 997; x_wconf 91' lang='lat'>;</span> 
     </span>
    </p>

    <p class='ocr_par' dir='ltr' id='par_1_13' title="bbox 347 1001 1441 1161">
     <span class='ocr_line' id='line_1_25' title="bbox 387 1001 1441 1082; baseline -0.002 -16"><span class='ocrx_word' id='word_1_65' title='bbox 387 1023 417 1080; x_wconf 89' lang='lat'>3.</span> <span class='ocrx_word' id='word_1_66' title='bbox 439 1001 539 1066; x_wconf 75' lang='lat' dir='ltr'>Villae</span> <span class='ocrx_word' id='word_1_67' title='bbox 563 1002 597 1064; x_wconf 92' lang='lat' dir='ltr'>in</span> <span class='ocrx_word' id='word_1_68' title='bbox 620 1007 704 1082; x_wconf 90' lang='lat' dir='ltr'>quas</span> <span class='ocrx_word' id='word_1_69' title='bbox 727 1001 874 1082; x_wconf 84' lang='lat' dir='ltr'>religiosi</span> <span class='ocrx_word' id='word_1_70' title='bbox 894 1021 930 1063; x_wconf 91' lang='lat' dir='ltr'>se</span> <span class='ocrx_word' id='word_1_71' title='bbox 957 1001 1136 1063; x_wconf 90' lang='lat' dir='ltr'>conferunt</span> <span class='ocrx_word' id='word_1_72' title='bbox 1159 1001 1361 1065; x_wconf 89' lang='lat' dir='ltr'>rusticatum</span> <span class='ocrx_word' id='word_1_73' title='bbox 1385 1002 1441 1064; x_wconf 88' lang='lat' dir='ltr'>vel</span> 
     </span>
     <span class='ocr_line' id='line_1_26' title="bbox 347 1085 708 1161; baseline 0.003 -16"><span class='ocrx_word' id='word_1_74' title='bbox 347 1085 566 1148; x_wconf 79' lang='lat' dir='ltr'>recreationis</span> <span class='ocrx_word' id='word_1_75' title='bbox 583 1105 708 1161; x_wconf 90' lang='lat' dir='ltr'>causa;</span> 
     </span>
    </p>

    <p class='ocr_par' dir='ltr' id='par_1_14' title="bbox 345 1165 1440 1413">
     <span class='ocr_line' id='line_1_27' title="bbox 386 1165 1439 1250; baseline -0.001 -21"><span class='ocrx_word' id='word_1_76' title='bbox 386 1191 418 1249; x_wconf 88' lang='lat'>4.</span> <span class='ocrx_word' id='word_1_77' title='bbox 434 1168 590 1250; x_wconf 79' lang='lat' dir='ltr'>Hospitio,</span> <span class='ocrx_word' id='word_1_78' title='bbox 607 1186 694 1247; x_wconf 90' lang='lat' dir='ltr'>quae</span> <span class='ocrx_word' id='word_1_79' title='bbox 710 1165 742 1228; x_wconf 91' lang='lat' dir='ltr'>in</span> <span class='ocrx_word' id='word_1_80' title='bbox 756 1166 956 1245; x_wconf 88' lang='lat' dir='ltr'>quibusdam</span> <span class='ocrx_word' id='word_1_81' title='bbox 969 1167 1052 1229; x_wconf 91' lang='lat' dir='ltr'>locis</span> <span class='ocrx_word' id='word_1_82' title='bbox 1065 1172 1227 1229; x_wconf 88' lang='lat' dir='ltr'>tenentur</span> <span class='ocrx_word' id='word_1_83' title='bbox 1242 1166 1275 1230; x_wconf 90' lang='lat' dir='ltr'>in</span> <span class='ocrx_word' id='word_1_84' title='bbox 1291 1186 1439 1230; x_wconf 89' lang='lat' dir='ltr'>commo-</span> 
     </span>
     <span class='ocr_line' id='line_1_28' title="bbox 345 1245 1440 1331; baseline -0.002 -19"><span class='ocrx_word' id='word_1_85' title='bbox 345 1250 423 1312; x_wconf 93' lang='lat' dir='ltr'>dum</span> <span class='ocrx_word' id='word_1_86' title='bbox 447 1251 682 1331; x_wconf 90' lang='lat' dir='ltr'>religiosorum</span> <span class='ocrx_word' id='word_1_87' title='bbox 705 1248 936 1311; x_wconf 82' lang='lat' dir='ltr'>itinerantium</span> <span class='ocrx_word' id='word_1_88' title='bbox 960 1250 1014 1311; x_wconf 89' lang='lat' dir='ltr'>vel</span> <span class='ocrx_word' id='word_1_89' title='bbox 1037 1269 1155 1312; x_wconf 86' lang='lat' dir='ltr'>eorum</span> <span class='ocrx_word' id='word_1_90' title='bbox 1171 1249 1227 1330; x_wconf 92' lang='lat' dir='ltr'>qui</span> <span class='ocrx_word' id='word_1_91' title='bbox 1250 1245 1440 1330; x_wconf 86' lang='lat' dir='ltr'>frequentia</span> 
     </span>
     <span class='ocr_line' id='line_1_29' title="bbox 346 1332 1249 1413; baseline 0 -19"><span class='ocrx_word' id='word_1_92' title='bbox 346 1333 561 1412; x_wconf 84' lang='lat' dir='ltr'>negotiorum</span> <span class='ocrx_word' id='word_1_93' title='bbox 577 1334 688 1395; x_wconf 92' lang='lat' dir='ltr'>locum</span> <span class='ocrx_word' id='word_1_94' title='bbox 705 1332 806 1394; x_wconf 90' lang='lat' dir='ltr'>istum</span> <span class='ocrx_word' id='word_1_95' title='bbox 822 1351 923 1412; x_wconf 87' lang='lat' dir='ltr'>saepe</span> <span class='ocrx_word' id='word_1_96' title='bbox 939 1337 1052 1413; x_wconf 90' lang='lat' dir='ltr'>petere</span> <span class='ocrx_word' id='word_1_97' title='bbox 1070 1342 1249 1412; x_wconf 88' lang='lat' dir='ltr'>coguntur.</span> 
     </span>
    </p>

    <p class='ocr_par' dir='ltr' id='par_1_15' title="bbox 347 1413 1436 1744">
     <span class='ocr_line' id='line_1_30' title="bbox 388 1413 1434 1495; baseline -0.003 -17"><span class='ocrx_word' id='word_1_98' title='bbox 388 1413 529 1494; x_wconf 90' lang='lat' dir='ltr'>Contra,</span> <span class='ocrx_word' id='word_1_99' title='bbox 556 1435 662 1478; x_wconf 90' lang='lat' dir='ltr'>nexus</span> <span class='ocrx_word' id='word_1_100' title='bbox 678 1433 744 1495; x_wconf 91' lang='lat' dir='ltr'>quo</span> <span class='ocrx_word' id='word_1_101' title='bbox 766 1414 885 1476; x_wconf 90' lang='lat' dir='ltr'>domus</span> <span class='ocrx_word' id='word_1_102' title='bbox 908 1414 1087 1476; x_wconf 85' lang='lat' dir='ltr'>subseciva</span> <span class='ocrx_word' id='word_1_103' title='bbox 1111 1434 1170 1477; x_wconf 89' lang='lat' dir='ltr'>seu</span> <span class='ocrx_word' id='word_1_104' title='bbox 1188 1439 1202 1468; x_wconf 83' lang='lat'>«</span> <span class='ocrx_word' id='word_1_105' title='bbox 1219 1414 1434 1476; x_wconf 72' lang='lat' dir='ltr'>residentia»</span> 
     </span>
     <span class='ocr_line' id='line_1_31' title="bbox 347 1495 1436 1579; baseline -0.003 -20"><span class='ocrx_word' id='word_1_106' title='bbox 347 1497 510 1579; x_wconf 88' lang='lat' dir='ltr'>dependet</span> <span class='ocrx_word' id='word_1_107' title='bbox 527 1519 545 1560; x_wconf 84' lang='lat' dir='ltr'>a</span> <span class='ocrx_word' id='word_1_108' title='bbox 563 1496 769 1561; x_wconf 88' lang='lat' dir='ltr'>monasterio</span> <span class='ocrx_word' id='word_1_109' title='bbox 785 1517 845 1558; x_wconf 91' lang='lat' dir='ltr'>seu</span> <span class='ocrx_word' id='word_1_110' title='bbox 862 1497 1003 1577; x_wconf 91' lang='lat' dir='ltr'>collegio</span> <span class='ocrx_word' id='word_1_111' title='bbox 1026 1496 1200 1578; x_wconf 88' lang='lat' dir='ltr'>principali</span> <span class='ocrx_word' id='word_1_112' title='bbox 1215 1516 1281 1558; x_wconf 92' lang='lat' dir='ltr'>non</span> <span class='ocrx_word' id='word_1_113' title='bbox 1298 1495 1436 1577; x_wconf 88' lang='lat' dir='ltr'>impedit</span> 
     </span>
     <span class='ocr_line' id='line_1_32' title="bbox 347 1578 1436 1660; baseline 0.002 -20"><span class='ocrx_word' id='word_1_114' title='bbox 347 1581 429 1660; x_wconf 89' lang='lat' dir='ltr'>quin</span> <span class='ocrx_word' id='word_1_115' title='bbox 459 1581 627 1643; x_wconf 86' lang='lat' dir='ltr'>referatur</span> <span class='ocrx_word' id='word_1_116' title='bbox 658 1582 691 1643; x_wconf 91' lang='lat' dir='ltr'>in</span> <span class='ocrx_word' id='word_1_117' title='bbox 717 1581 808 1643; x_wconf 86' lang='lat' dir='ltr'>veris</span> <span class='ocrx_word' id='word_1_118' title='bbox 839 1579 1077 1642; x_wconf 83' lang='lat' dir='ltr'>conventibus.</span> <span class='ocrx_word' id='word_1_119' title='bbox 1107 1578 1319 1644; x_wconf 85' lang='lat' dir='ltr'>Residentiae</span> <span class='ocrx_word' id='word_1_120' title='bbox 1349 1581 1436 1642; x_wconf 84' lang='lat' dir='ltr'>istae</span> 
     </span>
     <span class='ocr_line' id='line_1_33' title="bbox 347 1661 1063 1744; baseline 0.004 -22"><span class='ocrx_word' id='word_1_121' title='bbox 347 1661 516 1726; x_wconf 88' lang='lat' dir='ltr'>interdum</span> <span class='ocrx_word' id='word_1_122' title='bbox 530 1664 689 1725; x_wconf 89' lang='lat' dir='ltr'>dicuntur</span> <span class='ocrx_word' id='word_1_123' title='bbox 705 1663 866 1744; x_wconf 86' lang='lat' dir='ltr'>granciae</span> <span class='ocrx_word' id='word_1_124' title='bbox 881 1663 949 1723; x_wconf 87' lang='lat' dir='ltr'>late</span> <span class='ocrx_word' id='word_1_125' title='bbox 965 1664 1063 1725; x_wconf 89' lang='lat' dir='ltr'>tales.</span> 
     </span>
    </p>
   </div>
   <div class='ocr_carea' id='block_1_11' title="bbox 506 1942 1251 2210">
    <p class='ocr_par' dir='ltr' id='par_1_16' title="bbox 506 1942 1251 2210">
     <span class='ocr_line' id='line_1_34' title="bbox 768 1942 1158 2024; baseline -0.003 -2"><span class='ocrx_word' id='word_1_126' title='bbox 768 1942 963 2024; x_wconf 76' lang='lat' dir='ltr'>CAPUT</span> <span class='ocrx_word' id='word_1_127' title='bbox 990 1943 1028 2022; x_wconf 91' lang='grc' dir='ltr'>ΙΙ</span> <span class='ocrx_word' id='word_1_128' title='bbox 1115 2001 1116 2004; x_wconf 15' lang='lat'>¹</span> <span class='ocrx_word' id='word_1_129' title='bbox 1151 1953 1158 1959; x_wconf 86' lang='lat'>·</span> 
     </span>
     <span class='ocr_line' id='line_1_35' title="bbox 506 2113 1251 2210; baseline 0.003 -32"><span class='ocrx_word' id='word_1_130' title='bbox 506 2205 508 2210; x_wconf 67' lang='lat'><em>,</em></span> <span class='ocrx_word' id='word_1_131' title='bbox 532 2114 586 2179; x_wconf 80' lang='lat' dir='ltr'>on</span> <span class='ocrx_word' id='word_1_132' title='bbox 609 2114 820 2180; x_wconf 77' lang='lat' dir='ltr'>anianum</span> <span class='ocrx_word' id='word_1_133' title='bbox 846 2114 959 2180; x_wconf 85' lang='lat' dir='ltr'>nono</span> <span class='ocrx_word' id='word_1_134' title='bbox 983 2113 1251 2180; x_wconf 76' lang='lat' dir='ltr'>assummum</span> 
     </span>
    </p>
   </div>
   <div class='ocr_carea' id='block_1_12' title="bbox 345 2274 1438 3265">
    <p class='ocr_par' dir='ltr' id='par_1_17' title="bbox 345 2274 1438 2666">
     <span class='ocr_line' id='line_1_36' title="bbox 393 2274 1436 2356; baseline -0.002 -18"><span class='ocrx_word' id='word_1_135' title='bbox 393 2275 478 2338; x_wconf 78' lang='lat'>102.</span> <span class='ocrx_word' id='word_1_136' title='bbox 496 2274 748 2337; x_wconf 86' lang='lat' dir='ltr'>Sollemnitates</span> <span class='ocrx_word' id='word_1_137' title='bbox 764 2275 803 2337; x_wconf 94' lang='lat' dir='ltr'>de</span> <span class='ocrx_word' id='word_1_138' title='bbox 817 2275 937 2356; x_wconf 90' lang='lat' dir='ltr'>quibus</span> <span class='ocrx_word' id='word_1_139' title='bbox 950 2295 1067 2338; x_wconf 91' lang='lat' dir='ltr'>sumus</span> <span class='ocrx_word' id='word_1_140' title='bbox 1084 2274 1193 2338; x_wconf 88' lang='lat' dir='ltr'>acturi</span> <span class='ocrx_word' id='word_1_141' title='bbox 1206 2281 1286 2337; x_wconf 92' lang='lat' dir='ltr'>tunc</span> <span class='ocrx_word' id='word_1_142' title='bbox 1304 2280 1436 2338; x_wconf 88' lang='lat' dir='ltr'>tantum</span> 
     </span>
     <span class='ocr_line' id='line_1_37' title="bbox 346 2356 1438 2439; baseline 0.002 -23"><span class='ocrx_word' id='word_1_143' title='bbox 346 2356 558 2418; x_wconf 86' lang='lat' dir='ltr'>adhibendae</span> <span class='ocrx_word' id='word_1_144' title='bbox 574 2364 653 2419; x_wconf 88' lang='lat' dir='ltr'>sunt</span> <span class='ocrx_word' id='word_1_145' title='bbox 670 2378 747 2419; x_wconf 87' lang='lat' dir='ltr'>cum</span> <span class='ocrx_word' id='word_1_146' title='bbox 761 2358 876 2439; x_wconf 84' lang='lat' dir='ltr'>agitur</span> <span class='ocrx_word' id='word_1_147' title='bbox 893 2358 932 2420; x_wconf 89' lang='lat' dir='ltr'>de</span> <span class='ocrx_word' id='word_1_148' title='bbox 950 2358 1111 2438; x_wconf 87' lang='lat' dir='ltr'>erigenda</span> <span class='ocrx_word' id='word_1_149' title='bbox 1126 2378 1208 2420; x_wconf 87' lang='lat' dir='ltr'>vera</span> <span class='ocrx_word' id='word_1_150' title='bbox 1224 2359 1323 2420; x_wconf 90' lang='lat' dir='ltr'>domo</span> <span class='ocrx_word' id='word_1_151' title='bbox 1339 2378 1438 2438; x_wconf 88' lang='lat' dir='ltr'>regu-</span> 
     </span>
     <span class='ocr_line' id='line_1_38' title="bbox 345 2438 1438 2516; baseline 0.004 -18"><span class='ocrx_word' id='word_1_152' title='bbox 345 2438 407 2499; x_wconf 90' lang='lat' dir='ltr'>lari</span> <span class='ocrx_word' id='word_1_153' title='bbox 435 2459 494 2500; x_wconf 86' lang='lat' dir='ltr'>seu</span> <span class='ocrx_word' id='word_1_154' title='bbox 518 2448 701 2516; x_wconf 87' lang='lat' dir='ltr'>conventu,</span> <span class='ocrx_word' id='word_1_155' title='bbox 721 2460 782 2501; x_wconf 79' lang='lat' dir='ltr'>nec</span> <span class='ocrx_word' id='word_1_156' title='bbox 809 2440 842 2502; x_wconf 93' lang='lat' dir='ltr'>in</span> <span class='ocrx_word' id='word_1_157' title='bbox 869 2461 909 2502; x_wconf 91' lang='lat' dir='ltr'>ea</span> <span class='ocrx_word' id='word_1_158' title='bbox 936 2442 1011 2503; x_wconf 90' lang='lat' dir='ltr'>loca</span> <span class='ocrx_word' id='word_1_159' title='bbox 1038 2439 1291 2503; x_wconf 84' lang='lat' dir='ltr'>transferendae</span> <span class='ocrx_word' id='word_1_160' title='bbox 1316 2449 1395 2502; x_wconf 91' lang='lat' dir='ltr'>sunt</span> <span class='ocrx_word' id='word_1_161' title='bbox 1418 2461 1438 2501; x_wconf 91' lang='lat' dir='ltr'>a</span> 
     </span>
     <span class='ocr_line' id='line_1_39' title="bbox 347 2519 1436 2604; baseline 0.004 -25"><span class='ocrx_word' id='word_1_162' title='bbox 347 2519 479 2599; x_wconf 59' lang='lat' dir='ltr'>quibus</span> <span class='ocrx_word' id='word_1_163' title='bbox 498 2542 531 2584; x_wconf 90' lang='lat' dir='ltr'>n.</span> <span class='ocrx_word' id='word_1_164' title='bbox 551 2539 624 2600; x_wconf 85' lang='lat'>101,</span> <span class='ocrx_word' id='word_1_165' title='bbox 642 2523 730 2584; x_wconf 92' lang='lat' dir='ltr'>hanc</span> <span class='ocrx_word' id='word_1_166' title='bbox 747 2522 1017 2604; x_wconf 85' lang='lat' dir='ltr'>abjudicavimus</span> <span class='ocrx_word' id='word_1_167' title='bbox 1034 2532 1204 2586; x_wconf 87' lang='lat' dir='ltr'>naturam.</span> <span class='ocrx_word' id='word_1_168' title='bbox 1221 2525 1273 2586; x_wconf 89' lang='lat' dir='ltr'>Ita</span> <span class='ocrx_word' id='word_1_169' title='bbox 1288 2541 1436 2584; x_wconf 90' lang='lat' dir='ltr'>commu·</span> 
     </span>
     <span class='ocr_line' id='line_1_40' title="bbox 345 2602 622 2666; baseline 0.011 -3"><span class='ocrx_word' id='word_1_170' title='bbox 345 2602 398 2664; x_wconf 90' lang='lat' dir='ltr'>nis</span> <span class='ocrx_word' id='word_1_171' title='bbox 414 2605 583 2666; x_wconf 88' lang='lat' dir='ltr'>sententia</span> <span class='ocrx_word' id='word_1_172' title='bbox 598 2606 622 2666; x_wconf 86' lang='lat'>².</span> 
     </span>
    </p>

    <p class='ocr_par' dir='ltr' id='par_1_18' title="bbox 346 2683 1435 2936">
     <span class='ocr_line' id='line_1_41' title="bbox 388 2683 1435 2769; baseline 0.002 -23"><span class='ocrx_word' id='word_1_173' title='bbox 388 2683 423 2746; x_wconf 92' lang='lat' dir='ltr'>Si</span> <span class='ocrx_word' id='word_1_174' title='bbox 442 2693 554 2748; x_wconf 89' lang='lat' dir='ltr'>tamen</span> <span class='ocrx_word' id='word_1_175' title='bbox 571 2686 676 2768; x_wconf 86' lang='lat' dir='ltr'>velint</span> <span class='ocrx_word' id='word_1_176' title='bbox 693 2686 840 2767; x_wconf 87' lang='lat' dir='ltr'>religiosi</span> <span class='ocrx_word' id='word_1_177' title='bbox 855 2687 1003 2769; x_wconf 90' lang='lat' dir='ltr'>hospitio</span> <span class='ocrx_word' id='word_1_178' title='bbox 1027 2689 1127 2751; x_wconf 92' lang='lat' dir='ltr'>alicui</span> <span class='ocrx_word' id='word_1_179' title='bbox 1144 2690 1198 2751; x_wconf 89' lang='lat' dir='ltr'>vel</span> <span class='ocrx_word' id='word_1_180' title='bbox 1215 2688 1313 2751; x_wconf 88' lang='lat' dir='ltr'>villae</span> <span class='ocrx_word' id='word_1_181' title='bbox 1328 2686 1435 2769; x_wconf 90' lang='lat' dir='ltr'>publi·</span> 
     </span>
     <span class='ocr_line' id='line_1_42' title="bbox 346 2768 1435 2852; baseline 0.006 -26"><span class='ocrx_word' id='word_1_182' title='bbox 346 2785 422 2828; x_wconf 91' lang='lat' dir='ltr'>cum</span> <span class='ocrx_word' id='word_1_183' title='bbox 459 2768 583 2831; x_wconf 87' lang='lat' dir='ltr'>addere</span> <span class='ocrx_word' id='word_1_184' title='bbox 615 2769 814 2845; x_wconf 87' lang='lat' dir='ltr'>oratorium,</span> <span class='ocrx_word' id='word_1_185' title='bbox 845 2777 938 2850; x_wconf 88' lang='lat' dir='ltr'>patet</span> <span class='ocrx_word' id='word_1_186' title='bbox 969 2771 1002 2832; x_wconf 94' lang='lat' dir='ltr'>id</span> <span class='ocrx_word' id='word_1_187' title='bbox 1038 2771 1110 2833; x_wconf 88' lang='lat' dir='ltr'>fieri</span> <span class='ocrx_word' id='word_1_188' title='bbox 1147 2791 1214 2833; x_wconf 90' lang='lat' dir='ltr'>non</span> <span class='ocrx_word' id='word_1_189' title='bbox 1244 2789 1342 2852; x_wconf 87' lang='lat' dir='ltr'>posse</span> <span class='ocrx_word' id='word_1_190' title='bbox 1373 2770 1435 2832; x_wconf 91' lang='lat' dir='ltr'>nisi</span> 
     </span>
     <span class='ocr_line' id='line_1_43' title="bbox 346 2851 1372 2936; baseline 0.006 -27"><span class='ocrx_word' id='word_1_191' title='bbox 346 2857 518 2912; x_wconf 87' lang='lat' dir='ltr'>annuente</span> <span class='ocrx_word' id='word_1_192' title='bbox 534 2851 715 2914; x_wconf 84' lang='lat' dir='ltr'>Ordinario</span> <span class='ocrx_word' id='word_1_193' title='bbox 729 2853 805 2914; x_wconf 91' lang='lat' dir='ltr'>loci.</span> <span class='ocrx_word' id='word_1_194' title='bbox 824 2853 997 2930; x_wconf 89' lang='lat' dir='ltr'>Rotarius,</span> <span class='ocrx_word' id='word_1_195' title='bbox 1012 2856 1033 2916; x_wconf 92' lang='lat' dir='ltr'>l.</span> <span class='ocrx_word' id='word_1_196' title='bbox 1052 2875 1082 2917; x_wconf 86' lang='lat' dir='ltr'>c.</span> <span class='ocrx_word' id='word_1_197' title='bbox 1099 2864 1225 2936; x_wconf 92' lang='lat' dir='ltr'>puncto</span> <span class='ocrx_word' id='word_1_198' title='bbox 1237 2876 1271 2931; x_wconf 78' lang='lat' dir='ltr'>a,</span> <span class='ocrx_word' id='word_1_199' title='bbox 1290 2873 1324 2916; x_wconf 90' lang='lat' dir='ltr'>n.</span> <span class='ocrx_word' id='word_1_200' title='bbox 1345 2874 1372 2915; x_wconf 86' lang='lat'>1.</span> 
     </span>
    </p>

    <p class='ocr_par' dir='ltr' id='par_1_19' title="bbox 345 2930 1436 3265">
     <span class='ocr_line' id='line_1_44' title="bbox 388 2930 1435 3014; baseline 0.004 -22"><span class='ocrx_word' id='word_1_201' title='bbox 388 2930 578 3014; x_wconf 89' lang='lat' dir='ltr'>Separatim</span> <span class='ocrx_word' id='word_1_202' title='bbox 603 2954 765 3014; x_wconf 88' lang='lat' dir='ltr'>agemus:</span> <span class='ocrx_word' id='word_1_203' title='bbox 783 2957 810 2997; x_wconf 92' lang='lat'>1.</span> <span class='ocrx_word' id='word_1_204' title='bbox 828 2936 879 2997; x_wconf 88' lang='lat' dir='ltr'>De</span> <span class='ocrx_word' id='word_1_205' title='bbox 903 2937 1109 2998; x_wconf 88' lang='lat' dir='ltr'>monasterio</span> <span class='ocrx_word' id='word_1_206' title='bbox 1132 2937 1305 3012; x_wconf 80' lang='lat' dir='ltr'>virorum3</span> <span class='ocrx_word' id='word_1_207' title='bbox 1330 2954 1361 2999; x_wconf 91' lang='lat'>2.</span> <span class='ocrx_word' id='word_1_208' title='bbox 1385 2936 1435 2998; x_wconf 93' lang='lat' dir='ltr'>De</span> 
     </span>
     <span class='ocr_line' id='line_1_45' title="bbox 347 3017 1436 3098; baseline 0.005 -24"><span class='ocrx_word' id='word_1_209' title='bbox 347 3017 555 3079; x_wconf 88' lang='lat' dir='ltr'>monasterio</span> <span class='ocrx_word' id='word_1_210' title='bbox 582 3017 867 3080; x_wconf 88' lang='lat' dir='ltr'>santimonialium</span> <span class='ocrx_word' id='word_1_211' title='bbox 894 3019 1012 3082; x_wconf 91' lang='lat' dir='ltr'>stricte</span> <span class='ocrx_word' id='word_1_212' title='bbox 1040 3020 1179 3098; x_wconf 80' lang='lat' dir='ltr'>talium3</span> <span class='ocrx_word' id='word_1_213' title='bbox 1207 3039 1238 3098; x_wconf 83' lang='lat'>3.</span> <span class='ocrx_word' id='word_1_214' title='bbox 1261 3019 1313 3082; x_wconf 91' lang='lat' dir='ltr'>De</span> <span class='ocrx_word' id='word_1_215' title='bbox 1337 3018 1436 3080; x_wconf 94' lang='lat' dir='ltr'>domo</span> 
     </span>
     <span class='ocr_line' id='line_1_46' title="bbox 346 3099 1436 3180; baseline 0.004 -23"><span class='ocrx_word' id='word_1_216' title='bbox 346 3099 620 3179; x_wconf 86' lang='lat' dir='ltr'>congregationis</span> <span class='ocrx_word' id='word_1_217' title='bbox 637 3099 835 3180; x_wconf 87' lang='lat' dir='ltr'>religiosae:</span> <span class='ocrx_word' id='word_1_218' title='bbox 854 3101 926 3162; x_wconf 86' lang='lat' dir='ltr'>sive</span> <span class='ocrx_word' id='word_1_219' title='bbox 942 3103 1027 3164; x_wconf 88' lang='lat' dir='ltr'>haec</span> <span class='ocrx_word' id='word_1_220' title='bbox 1046 3122 1066 3163; x_wconf 92' lang='lat' dir='ltr'>a</span> <span class='ocrx_word' id='word_1_221' title='bbox 1083 3101 1119 3165; x_wconf 84' lang='lat' dir='ltr'>S.</span> <span class='ocrx_word' id='word_1_222' title='bbox 1136 3101 1311 3179; x_wconf 83' lang='lat' dir='ltr'>Pontifice,</span> <span class='ocrx_word' id='word_1_223' title='bbox 1329 3101 1400 3163; x_wconf 89' lang='lat' dir='ltr'>sive</span> <span class='ocrx_word' id='word_1_224' title='bbox 1415 3120 1436 3161; x_wconf 91' lang='lat' dir='ltr'>a</span> 
     </span>
     <span class='ocr_line' id='line_1_47' title="bbox 345 3181 934 3265; baseline 0.01 -25"><span class='ocrx_word' id='word_1_225' title='bbox 345 3181 418 3243; x_wconf 87' lang='lat' dir='ltr'>solo</span> <span class='ocrx_word' id='word_1_226' title='bbox 434 3182 602 3264; x_wconf 89' lang='lat' dir='ltr'>Episcopo</span> <span class='ocrx_word' id='word_1_227' title='bbox 617 3182 718 3245; x_wconf 88' lang='lat' dir='ltr'>fuerit</span> <span class='ocrx_word' id='word_1_228' title='bbox 734 3183 934 3265; x_wconf 89' lang='lat' dir='ltr'>approbata.</span> 
     </span>
    </p>
   </div>
   <div class='ocr_carea' id='block_1_13' title="bbox 550 3334 1229 3432">
    <p class='ocr_par' dir='ltr' id='par_1_20' title="bbox 550 3334 1229 3432">
     <span class='ocr_line' id='line_1_48' title="bbox 550 3334 1229 3432; baseline 0 -18"><span class='ocrx_word' id='word_1_229' title='bbox 550 3343 565 3432; x_wconf 66' lang='lat' dir='ltr'>t</span> <span class='ocrx_word' id='word_1_230' title='bbox 598 3360 630 3417; x_wconf 89' lang='lat' dir='ltr'>r.</span> <span class='ocrx_word' id='word_1_231' title='bbox 659 3335 729 3415; x_wconf 88' lang='lat' dir='ltr'>De</span> <span class='ocrx_word' id='word_1_232' title='bbox 754 3334 1009 3416; x_wconf 74' lang='lat' dir='ltr'>monasterio</span> <span class='ocrx_word' id='word_1_233' title='bbox 1035 3334 1229 3416; x_wconf 79' lang='lat' dir='ltr'>vieoeaia</span> 
     </span>
    </p>
   </div>
   <div class='ocr_carea' id='block_1_14' title="bbox 344 3513 1435 4092">
    <p class='ocr_par' dir='ltr' id='par_1_21' title="bbox 345 3513 1435 3675">
     <span class='ocr_line' id='line_1_49' title="bbox 390 3513 1435 3602; baseline -0.002 -27"><span class='ocrx_word' id='word_1_234' title='bbox 390 3513 476 3602; x_wconf 20' lang='lat'>1⁸03.</span> <span class='ocrx_word' id='word_1_235' title='bbox 490 3516 737 3592; x_wconf 86' lang='lat' dir='ltr'>Condiciones,</span> <span class='ocrx_word' id='word_1_236' title='bbox 756 3516 798 3578; x_wconf 89' lang='lat' dir='ltr'>ad</span> <span class='ocrx_word' id='word_1_237' title='bbox 821 3536 1000 3596; x_wconf 82' lang='lat' dir='ltr'>summam,</span> <span class='ocrx_word' id='word_1_238' title='bbox 1026 3517 1091 3579; x_wconf 91' lang='lat' dir='ltr'>hae</span> <span class='ocrx_word' id='word_1_239' title='bbox 1115 3521 1216 3579; x_wconf 87' lang='lat' dir='ltr'>sunt:</span> <span class='ocrx_word' id='word_1_240' title='bbox 1243 3537 1271 3578; x_wconf 89' lang='lat'>1.</span> <span class='ocrx_word' id='word_1_241' title='bbox 1288 3515 1435 3578; x_wconf 84' lang='lat' dir='ltr'>Assensns</span> 
     </span>
     <span class='ocr_line' id='line_1_50' title="bbox 345 3595 582 3675; baseline 0.008 -19"><span class='ocrx_word' id='word_1_242' title='bbox 345 3595 492 3675; x_wconf 74' lang='lat' dir='ltr'>Episcopi</span> <span class='ocrx_word' id='word_1_243' title='bbox 507 3597 582 3666; x_wconf 85' lang='lat' dir='ltr'>tooi;</span> 
     </span>
    </p>

    <p class='ocr_par' dir='ltr' id='par_1_22' title="bbox 345 3678 1434 3842">
     <span class='ocr_line' id='line_1_51' title="bbox 386 3678 1434 3763; baseline 0.003 -26"><span class='ocrx_word' id='word_1_244' title='bbox 386 3698 417 3738; x_wconf 89' lang='lat'>2.</span> <span class='ocrx_word' id='word_1_245' title='bbox 430 3678 661 3760; x_wconf 75' lang='lat' dir='ltr'>Beneplacaum</span> <span class='ocrx_word' id='word_1_246' title='bbox 683 3679 881 3760; x_wconf 75' lang='lat' dir='ltr'>apostolieum</span> <span class='ocrx_word' id='word_1_247' title='bbox 895 3703 906 3742; x_wconf 87' lang='lat'>.·</span> <span class='ocrx_word' id='word_1_248' title='bbox 923 3700 989 3760; x_wconf 93' lang='lat' dir='ltr'>quo</span> <span class='ocrx_word' id='word_1_249' title='bbox 1001 3683 1107 3763; x_wconf 88' lang='lat' dir='ltr'>gradu</span> <span class='ocrx_word' id='word_1_250' title='bbox 1121 3688 1236 3746; x_wconf 89' lang='lat' dir='ltr'>tamen</span> <span class='ocrx_word' id='word_1_251' title='bbox 1250 3680 1434 3762; x_wconf 88' lang='lat' dir='ltr'>quibusque</span> 
     </span>
     <span class='ocr_line' id='line_1_52' title="bbox 345 3758 1349 3842; baseline 0.01 -23"><span class='ocrx_word' id='word_1_252' title='bbox 345 3758 468 3820; x_wconf 82' lang='lat' dir='ltr'>linibus</span> <span class='ocrx_word' id='word_1_253' title='bbox 485 3761 516 3822; x_wconf 93' lang='lat' dir='ltr'>id</span> <span class='ocrx_word' id='word_1_254' title='bbox 530 3770 674 3840; x_wconf 88' lang='lat' dir='ltr'>constet,</span> <span class='ocrx_word' id='word_1_255' title='bbox 694 3763 755 3826; x_wconf 86' lang='lat' dir='ltr'>cfr.</span> <span class='ocrx_word' id='word_1_256' title='bbox 772 3763 871 3841; x_wconf 86' lang='lat' dir='ltr'>infra,</span> <span class='ocrx_word' id='word_1_257' title='bbox 891 3780 953 3842; x_wconf 87' lang='lat'>109</span> <span class='ocrx_word' id='word_1_258' title='bbox 969 3785 976 3842; x_wconf 91' lang='lat'>;</span> <span class='ocrx_word' id='word_1_259' title='bbox 1345 3799 1349 3803; x_wconf 95' lang='lat'>·</span> 
     </span>
    </p>

    <p class='ocr_par' dir='ltr' id='par_1_23' title="bbox 386 3841 1382 3926">
     <span class='ocr_line' id='line_1_53' title="bbox 386 3841 1382 3926; baseline 0.009 -24"><span class='ocrx_word' id='word_1_260' title='bbox 386 3863 416 3920; x_wconf 85' lang='lat'>3.</span> <span class='ocrx_word' id='word_1_261' title='bbox 434 3841 612 3908; x_wconf 77' lang='lat' dir='ltr'>Observatio</span> <span class='ocrx_word' id='word_1_262' title='bbox 627 3843 784 3926; x_wconf 77' lang='lat' dir='ltr'>legitimae</span> <span class='ocrx_word' id='word_1_263' title='bbox 798 3845 976 3910; x_wconf 73' lang='lat' dir='ltr'>distantiae.</span> <span class='ocrx_word' id='word_1_264' title='bbox 1378 3885 1382 3892; x_wconf 45' lang='grc' dir='ltr'><strong><em>ι</em></strong></span> 
     </span>
    </p>

    <p class='ocr_par' dir='ltr' id='par_1_24' title="bbox 344 3925 1433 4092">
     <span class='ocr_line' id='line_1_54' title="bbox 386 3925 1433 4012; baseline 0.002 -26"><span class='ocrx_word' id='word_1_265' title='bbox 386 3947 416 4005; x_wconf 86' lang='lat'>4.</span> <span class='ocrx_word' id='word_1_266' title='bbox 442 3925 589 4008; x_wconf 84' lang='lat' dir='ltr'>Congeua</span> <span class='ocrx_word' id='word_1_267' title='bbox 615 3927 773 4006; x_wconf 80' lang='lat' dir='ltr'>alimenta,</span> <span class='ocrx_word' id='word_1_268' title='bbox 798 3948 839 3990; x_wconf 88' lang='lat' dir='ltr'>ex</span> <span class='ocrx_word' id='word_1_269' title='bbox 866 3929 1051 3993; x_wconf 90' lang='lat' dir='ltr'>redditibus</span> <span class='ocrx_word' id='word_1_270' title='bbox 1077 3938 1111 3994; x_wconf 86' lang='lat' dir='ltr'>et</span> <span class='ocrx_word' id='word_1_271' title='bbox 1134 3927 1368 4012; x_wconf 88' lang='lat' dir='ltr'>eleemosynis,</span> <span class='ocrx_word' id='word_1_272' title='bbox 1392 3925 1433 3989; x_wconf 87' lang='lat' dir='ltr'>ad</span> 
     </span>
     <span class='ocr_line' id='line_1_55' title="bbox 344 4003 836 4092; baseline 0.01 -25"><span class='ocrx_word' id='word_1_273' title='bbox 344 4003 470 4068; x_wconf 79' lang='lat' dir='ltr'>alendos</span> <span class='ocrx_word' id='word_1_274' title='bbox 484 4007 591 4071; x_wconf 86' lang='lat' dir='ltr'>saitem</span> <span class='ocrx_word' id='word_1_275' title='bbox 607 4013 651 4072; x_wconf 77' lang='lat'>12</span> <span class='ocrx_word' id='word_1_276' title='bbox 665 4009 836 4092; x_wconf 71' lang='lat' dir='ltr'>religiosos</span> 
     </span>
    </p>
   </div>
   <div class='ocr_carea' id='block_1_15' title="bbox 349 4152 474 4159">
    <p class='ocr_par' dir='ltr' id='par_1_25' title="bbox 349 4152 474 4159">
     <span class='ocr_line' id='line_1_56' title="bbox 349 4152 474 4159; baseline -0.008 -1"><span class='ocrx_word' id='word_1_277' title='bbox 349 4152 474 4159; x_wconf 76' lang='lat'>———-</span> 
     </span>
    </p>
   </div>
   <div class='ocr_carea' id='block_1_16' title="bbox 345 4181 1432 4500">
    <p class='ocr_par' dir='ltr' id='par_1_26' title="bbox 345 4181 1432 4382">
     <span class='ocr_line' id='line_1_57' title="bbox 374 4181 1432 4272; baseline 0 -19"><span class='ocrx_word' id='word_1_278' title='bbox 374 4203 450 4253; x_wconf 83' lang='lat' dir='ltr'>lCsr.</span> <span class='ocrx_word' id='word_1_279' title='bbox 469 4205 591 4267; x_wconf 87' lang='lat' dir='ltr'>aliquam</span> <span class='ocrx_word' id='word_1_280' title='bbox 608 4181 764 4268; x_wconf 84' lang='lat' dir='ltr'>hujusmodi</span> <span class='ocrx_word' id='word_1_281' title='bbox 781 4207 924 4255; x_wconf 90' lang='lat' dir='ltr'>domorum</span> <span class='ocrx_word' id='word_1_282' title='bbox 940 4208 1151 4263; x_wconf 80' lang='lat' dir='ltr'>descriptionem</span> <span class='ocrx_word' id='word_1_283' title='bbox 1167 4207 1305 4257; x_wconf 86' lang='lat' dir='ltr'>lactamin</span> <span class='ocrx_word' id='word_1_284' title='bbox 1321 4221 1343 4254; x_wconf 90' lang='lat' dir='ltr'>r.</span> <span class='ocrx_word' id='word_1_285' title='bbox 1362 4207 1388 4256; x_wconf 92' lang='lat' dir='ltr'>S.</span> <span class='ocrx_word' id='word_1_286' title='bbox 1401 4207 1432 4272; x_wconf 77' lang='lat' dir='ltr'>Q.</span> 
     </span>
     <span class='ocr_line' id='line_1_58' title="bbox 345 4261 1431 4382; baseline 0 -72"><span class='ocrx_word' id='word_1_287' title='bbox 345 4261 442 4368; x_wconf 39' lang='lat' dir='ltr'>1635&amp;th</span> <span class='ocrx_word' id='word_1_288' title='bbox 453 4267 570 4382; x_wconf 36' lang='lat' dir='ltr'>1{tegitis</span> <span class='ocrx_word' id='word_1_289' title='bbox 587 4275 655 4328; x_wconf 91' lang='lat' dir='ltr'>sept.</span> <span class='ocrx_word' id='word_1_290' title='bbox 675 4275 744 4325; x_wconf 82' lang='lat'>1690,</span> <span class='ocrx_word' id='word_1_291' title='bbox 763 4267 851 4316; x_wconf 84' lang='lat' dir='ltr'>relata</span> <span class='ocrx_word' id='word_1_292' title='bbox 874 4265 902 4314; x_wconf 88' lang='lat' dir='ltr'>in</span> <span class='ocrx_word' id='word_1_293' title='bbox 921 4280 1006 4314; x_wconf 87' lang='lat' dir='ltr'>causa</span> <span class='ocrx_word' id='word_1_294' title='bbox 1025 4267 1188 4325; x_wconf 83' lang='lat' dir='ltr'>Fauentina,</span> <span class='ocrx_word' id='word_1_295' title='bbox 1207 4266 1282 4327; x_wconf 87' lang='lat' dir='ltr'>apud</span> <span class='ocrx_word' id='word_1_296' title='bbox 1301 4265 1431 4320; x_wconf 81' lang='lat' dir='ltr'>Bizzarrr,</span> 
     </span>
    </p>

    <p class='ocr_par' dir='ltr' id='par_1_27' title="bbox 345 4360 1429 4500">
     <span class='ocr_line' id='line_1_59' title="bbox 372 4360 1429 4444; baseline 0.002 -18"><span class='ocrx_word' id='word_1_297' title='bbox 372 4360 545 4439; x_wconf 55' lang='lat' dir='ltr'>tPa&#39;sse&#39;rrniss</span> <span class='ocrx_word' id='word_1_298' title='bbox 563 4397 607 4442; x_wconf 86' lang='lat' dir='ltr'>op.</span> <span class='ocrx_word' id='word_1_299' title='bbox 628 4383 686 4439; x_wconf 80' lang='lat' dir='ltr'>cit,</span> <span class='ocrx_word' id='word_1_300' title='bbox 709 4397 736 4430; x_wconf 90' lang='lat' dir='ltr'>n.</span> <span class='ocrx_word' id='word_1_301' title='bbox 757 4389 841 4440; x_wconf 72' lang='lat'>37·395</span> <span class='ocrx_word' id='word_1_302' title='bbox 864 4381 1052 4440; x_wconf 87' lang='lat' dir='ltr'>Reiffenstuel,</span> <span class='ocrx_word' id='word_1_303' title='bbox 1072 4384 1136 4433; x_wconf 85' lang='lat' dir='ltr'>inl.</span> <span class='ocrx_word' id='word_1_304' title='bbox 1157 4393 1178 4442; x_wconf 86' lang='grc'>3,</span> <span class='ocrx_word' id='word_1_305' title='bbox 1199 4388 1218 4433; x_wconf 90' lang='lat' dir='ltr'>t.</span> <span class='ocrx_word' id='word_1_306' title='bbox 1231 4393 1268 4444; x_wconf 86' lang='lat'>48,</span> <span class='ocrx_word' id='word_1_307' title='bbox 1287 4399 1315 4432; x_wconf 91' lang='lat' dir='ltr'>n.</span> <span class='ocrx_word' id='word_1_308' title='bbox 1328 4398 1365 4440; x_wconf 86' lang='lat'>47·</span> <span class='ocrx_word' id='word_1_309' title='bbox 1383 4387 1429 4439; x_wconf 84' lang='lat'>48;</span> 
     </span>
     <span class='ocr_line' id='line_1_60' title="bbox 345 4435 922 4500; baseline 0.007 -17"><span class='ocrx_word' id='word_1_310' title='bbox 345 4435 489 4496; x_wconf 81' lang='lat' dir='ltr'>Cespedes,</span> <span class='ocrx_word' id='word_1_311' title='bbox 503 4440 520 4486; x_wconf 84' lang='lat' dir='ltr'>l.</span> <span class='ocrx_word' id='word_1_312' title='bbox 533 4454 557 4488; x_wconf 86' lang='lat' dir='ltr'>c.</span> <span class='ocrx_word' id='word_1_313' title='bbox 570 4455 597 4488; x_wconf 86' lang='lat' dir='ltr'>n.</span> <span class='ocrx_word' id='word_1_314' title='bbox 613 4455 668 4500; x_wconf 82' lang='lat'>1·4;</span> <span class='ocrx_word' id='word_1_315' title='bbox 681 4441 752 4498; x_wconf 78' lang='lat' dir='ltr'>Fiat,</span> <span class='ocrx_word' id='word_1_316' title='bbox 765 4453 794 4496; x_wconf 87' lang='lat'>11,</span> <span class='ocrx_word' id='word_1_317' title='bbox 808 4449 859 4488; x_wconf 84' lang='lat'><strong>230.</strong></span> <span class='ocrx_word' id='word_1_318' title='bbox 872 4448 922 4496; x_wconf 79' lang='lat'><em>278.</em></span> 
     </span>
    </p>
   </div>
   <div class='ocr_carea' id='block_1_17' title="bbox 0 0 1578 5004">
    <p class='ocr_par' dir='ltr' id='par_1_28' title="bbox 0 0 1578 5004">
     <span class='ocr_line' id='line_1_61' title="bbox 0 0 1578 5004; baseline 0 0"><span class='ocrx_word' id='word_1_319' title='bbox 0 0 1578 5004; x_wconf 95' lang='lat' dir='ltr'> </span> 
     </span>
    </p>
   </div>
  </div>
 </body>
</html>
